2209 2712
633 185 749 238 *4233
811 180 1009 241 )2¹1(
1072 181 1188 238 ἔξω

183 297 255 338 nisi
293 296 333 337 in
369 293 616 336 animalibus
669 296 739 338 hic
773 298 917 339 duetus
953 305 998 338 et
1030 294 1123 336 finis
1161 303 1330 336 naturae
1365 293 1483 338 nobis
1517 303 1645 338 notus

179 364 299 413 effet3
351 359 403 399 fic
436 358 487 399 de
521 361 760 402 ventriculo
795 362 932 404 clauso
967 361 1204 402 iudicabam
1240 361 1414 402 monstri
1458 361 1645 415 superius

179 426 276 466 dicti
310 423 487 478 prioris,
539 434 761 478 antequam
807 427 1008 481 posterius
1053 426 1294 478 secueram;
1342 425 1396 466 sle
1432 424 1548 475 astu,
1601 435 1642 467 at

174 499 418 542 perperam,
454 487 687 529 iudicamus
723 491 776 531 de
811 491 952 532 cloaca
989 490 1055 532 illa
1089 491 1309 532 communi
1342 490 1386 530 in
1405 488 1643 540 Duverney-

173 565 246 594 ano
281 552 493 600 monstro,
547 548 620 607 (*)
674 553 716 592 in
761 566 883 608 quam
934 555 1073 597 faeces
1121 554 1276 597 aluinae
1311 564 1355 595 et
1388 555 1511 596 vrina
1559 566 1643 596 vna

175 629 272 656 cum
309 615 464 657 semine
501 616 731 657 masculino
766 618 1081 670 colligebantur.
1148 617 1216 660 Sic
1251 619 1428 671 denique
1463 619 1514 659 de
1549 630 1643 659 om-

176 680 293 721 nibus
329 680 409 720 illis
462 680 672 720 struciuris
725 681 943 725 inutilibus
979 682 1234 733 iudicamus,
1287 696 1393 737 quae
1426 683 1531 723 adeo
1563 682 1644 724 fre·

173 754 347 798 quentes
384 744 426 784 in
459 744 654 785 monstris
690 745 978 796 inueniuntur,
1018 759 1238 801 quousque
1265 761 1313 788 ea
1347 745 1499 787 fabrica
1525 746 1642 801 igno:

171 817 212 850 ta
243 808 360 850 nobis
391 809 473 859 est,
504 809 621 851 cuius
655 810 948 863 producendae
982 822 1153 854 naturae
1189 811 1407 855 confilium
1443 810 1535 852 fuit.

359 938 406 978 In
445 937 692 979 animalibus
726 939 804 981 cel.
839 938 941 980 olim
966 937 1250 994 szldenstaedt
1284 937 1529 993 exemplum
1566 952 1644 982 no-

169 999 233 1040 bis
271 1003 548 1042 memorabile
598 1003 758 1044 inutilis
810 1003 1034 1045 structurae
1086 1003 1366 1059 suppeditauit
1398 1005 1442 1044 in
1485 1003 1645 1058 spalace

170 1065 243 1106 suo
293 1066 633 1120 microphtalmO.
717 1066 848 1109 Nulla
880 1067 937 1108 est
972 1067 1109 1110 orbita
1144 1069 1187 1108 in
1224 1067 1480 1108 animalculo
1532 1068 1641 1118 isto,

168 1140 245 1169 nec
296 1129 401 1170 cutis
453 1139 643 1183 apertura
694 1132 879 1171 exterius
927 1131 1011 1169 vlla
1045 1132 1088 1169 in
1124 1130 1366 1183 regionibus
1418 1128 1642 1171 oculorum

169 1190 439 1242 obstruatur,
491 1205 577 1245 quo
612 1193 717 1232 radii
751 1192 924 1233 luminis
959 1193 1009 1233 ad
1043 1192 1216 1234 bulbum
1254 1193 1367 1234 oculi
1417 1193 1640 1247 peruenire

169 1255 353 1310 poffent3
390 1269 468 1296 nec
502 1254 611 1297 visus
648 1268 750 1309 ergo
784 1256 955 1296 sensatio
992 1268 1178 1308 vnquam
1215 1255 1305 1296 fieri
1337 1258 1472 1309 potest
1505 1257 1549 1297 in
1585 1269 1641 1297 eo

171 1320 367 1364 animali,
404 1319 516 1374 quod
551 1320 686 1360 vitam
727 1330 942 1361 caeterum
974 1318 1045 1358 sub
1079 1327 1186 1359 terra
1220 1320 1382 1372 agendo
1417 1332 1495 1361 nec
1529 1333 1639 1375 opus

167 1384 256 1426 visu
293 1383 430 1428 habet.
493 1381 702 1423 Attamen
739 1383 781 1422 in
819 1383 905 1423 ima
941 1391 1061 1435 parte
1114 1381 1237 1423 foffae
1290 1383 1533 1438 temporalis
1567 1384 1640 1426 sub

168 1448 372 1503 apophysi
423 1447 720 1500 zygomatica‚
773 1456 816 1486 et
857 1445 927 1486 sub
978 1445 1069 1500 ipso
1118 1446 1374 1502 crotaphyte
1426 1447 1638 1498 musculo,

169 1525 321 1566 corpus
358 1512 579 1552 inuentum
618 1511 674 1551 est
709 1509 1015 1564 glandulosum.
1082 1509 1133 1550 In
1169 1511 1257 1552 eius
1291 1520 1412 1566 parte
1447 1512 1638 1553 interiori

166 1576 344 1616 materia
380 1584 467 1616 erat
515 1575 610 1629 puri
653 1574 821 1624 similis,
876 1575 919 1614 in
954 1587 1036 1628 qua
1071 1574 1366 1629 corpusculum
1421 1575 1637 1617 nidulaba-

165 1650 260 1689 tur,
293 1640 461 1680 seminis
498 1639 744 1695 papauerini
781 1638 1070 1693 magnitudine
1106 1649 1148 1680 et
1183 1639 1342 1693 figura,
1392 1639 1638 1696 globosum,

164 1705 357 1758 nigrum,
395 1704 609 1756 nitidaque
644 1701 857 1758 superficie
891 1704 1154 1758 praeditum,
1188 1713 1237 1745 vt
1273 1703 1395 1746 facile
1428 1703 1531 1745 illud
1566 1716 1637 1745 ru-

166 1769 405 1809 dimentum
460 1767 575 1809 bulbi
626 1768 740 1809 oculi
790 1769 869 1809 effe
924 1769 1214 1821 cognosceres.
1305 1768 1503 1809 Inutilem
1555 1767 1633 1807 efl‘e

162 1832 278 1874 hunc
327 1832 546 1874 bulbulum
599 1832 735 1883 oculi,
790 1845 918 1874 nemo
970 1841 1081 1872 certe
1116 1832 1275 1874 inficias
1311 1826 1430 1873 ibitj
1468 1829 1634 1873 Verum

165 1896 358 1938 molitam
411 1897 488 1937 effe
533 1906 719 1938 naturam
756 1896 907 1938 frustra
961 1908 1166 1949 organum
1215 1897 1325 1936 visus
1359 1895 1402 1933 in
1439 1893 1632 1945 animali,

161 1960 277 2015 quod
314 1961 403 2001 visu
433 1960 488 2000 ob
515 1960 622 2001 vitae
658 1974 788 2015 genus
823 1963 998 2014 gaudere
1033 1970 1117 1999 non
1154 1959 1311 2013 potest,
1345 1958 1385 1998 id
1423 1960 1515 1999 sane
1549 1958 1631 1999 im-

162 2024 383 2079 probabile
418 2024 610 2066 maxime
645 2025 724 2075 est,
777 2034 819 2066 et
863 2022 1084 2079 sapientiae
1119 2023 1230 2064 illius
1283 2022 1630 2063 manifestiffimae

162 2090 447 2141 contrarium,
482 2089 585 2144 quin
618 2091 760 2144 potius
793 2089 837 2130 in
857 2101 907 2129 eo
936 2100 1029 2128 eam
1066 2088 1143 2129 esse
1177 2086 1402 2142 existimes,
1435 2095 1483 2128 vt
1516 2086 1631 2133 dele-

890 2150 932 2193 D
951 2151 976 2191 d
1017 2163 1041 2190 2
1585 2159 1633 2192 at

218 2278 265 2325 (⁶)
291 2275 397 2315 Mem.
425 2287 540 2327 1706,
568 2291 603 2318 et
627 2280 711 2318 Diis.
740 2280 782 2317 de
807 2278 927 2318 Vitulo
954 2278 1090 2330 bicipite
1116 2283 1148 2319 in
1172 2279 1363 2321 comment.
1392 2277 1614 2318 Tomxvn.
