2209 2712
1007 130 1122 181 ..ᾗς
1187 125 1382 185 )228(
1445 129 1561 180 geg<-

547 245 598 287 (ἴε
632 243 787 284 mirum
825 255 908 282 non
945 241 1025 286 est,
1072 241 1099 281 fi
1135 242 1176 282 in
1213 241 1476 283 examinibus
1512 239 1604 291 bilis
1639 239 1854 294 hepaticae
1889 243 2015 294 cysti-

546 322 700 361 eaeque
736 308 912 362 infignes
952 307 1066 357 saepe
1103 308 1211 360 apud
1247 307 1386 346 varios
1423 306 1606 348 Antores
1649 305 1908 347 differentiae
1942 318 2016 347 oc·

546 384 737 415 currunt.
825 372 891 413 De
929 372 1115 411 maxima
1167 380 1282 424 parte
1335 370 1558 411 hominum
1603 383 1705 423 ergo
1740 381 1781 411 et
1816 372 1867 411 de
1899 382 2016 411 com-

545 439 851 480 mimicorum
904 445 1049 475 natura
1101 434 1183 474 hoc
1235 435 1317 474 dici
1370 435 1600 488 putandum
1637 435 1719 482 est,
1771 447 1854 474 non
1893 435 2015 487 plane

545 504 598 543 de
650 503 874 551 omnibus,
929 511 1028 540 cum
1081 497 1173 539 bilis
1225 498 1407 554 perfecta
1457 510 1602 541 natura
1651 498 1849 554 hepatico
1884 499 2017 541 fluido

545 578 730 622 negatur.

733 695 959 750 Quantum
1011 691 1333 733 herbiuororum
1388 693 1635 734 animalium
1692 691 1821 733 bilem
1859 704 1882 730 a
1929 688 2014 731 bile

542 757 890 808 carniuororum,
927 772 949 797 a
985 758 1119 797 leonis,
1153 765 1195 797 et
1232 757 1391 810 tigridis
1430 758 1535 806 bile,
1591 756 1760 798 differre
1795 763 2017 809 oporteat,

541 834 607 864 res
641 821 725 876 ipfi1
759 824 878 864 facile
912 822 1108 871 indicat,
1139 834 1236 863 cum
1275 822 1355 862 bile
1401 822 1650 876 saponacea‚
1705 820 1814 874 adipi
1850 818 2017 859 soluen-

546 886 623 926 dae
659 895 777 938 apta‚
824 887 930 936 illis,
983 898 1088 940 quae
1125 898 1339 939 nunquam
1378 887 1495 940 adipe
1527 887 1794 931 vescuntur,<
1826 882 2016 922 animali-

543 947 620 990 bus
655 952 834 992 omnino
868 961 977 1003 opus·
1014 961 1097 988 non
1136 951 1206 990 est.
1299 950 1441 1004 Quare
1478 960 1519 990 et
1554 949 1636 991 hoc
1668 949 1802 1003 ipsum
1839 959 1922 987 non
1960 945 2016 985 est

540 1013 725 1063 mirum,
779 1014 889 1066 qnod
928 1014 969 1053 in
1007 1013 1131 1053 variis
1185 1027 1332 1054 eorum
1369 1014 1485 1055 velut
1518 1014 1562 1053 in
1598 1026 1708 1066 equo
1743 1011 1857 1052 nulla
1895 1022 2017 1063 pror-

539 1074 605 1116 sus
641 1077 818 1122 vesicula
867 1077 989 1117 fellea
1026 1077 1199 1129 reperiri
1235 1078 1426 1129 dicatur3
1478 1077 1677 1129 siquidem
1714 1088 1761 1116 ea
1795 1077 1859 1116 vis
1894 1074 2015 1127 sapo-

542 1151 674 1180 nacea
709 1153 834 1193 eaque
870 1140 1113 1188 amarities,
1165 1151 1269 1190 quae
1304 1141 1347 1179 in
1383 1140 1568 1180 humana
1601 1139 1684 1179 bile
1719 1140 1901 1186 eminet,
1940 1150 2014 1178 ne-

542 1214 626 1257 que
661 1202 841 1244 efficitur
875 1203 917 1243 in
953 1216 1006 1243 eo
1040 1201 1285 1244 animalium
1322 1215 1504 1257 genere,
1559 1215 1696 1257 neque
1731 1202 1789 1243 ad
1817 1202 2016 1256 digestio-

541 1278 614 1308 nes
649 1267 692 1307 in
728 1268 778 1308 iis
814 1268 1051 1319 requiritur.
1116 1266 1240 1307 Poffis
1276 1280 1377 1321 ergo
1413 1272 1503 1309 iane
1541 1267 1667 1308 bilem
1704 1280 1871 1317 vocare,
1905 1279 2015 1319 quae

541 1331 586 1373 in
623 1343 736 1385 equo
773 1330 856 1371 sine
892 1331 1054 1382 cystidis
1099 1332 1357 1372 adminiculo
1404 1343 1649 1385 generatur,
1702 1333 1830 1372 etiam
1882 1329 2013 1371 bilem

541 1395 800 1450 perfectam,
834 1395 901 1436 sed
937 1397 1134 1446 equinam
1171 1396 1368 1444 quidem,
1413 1409 1520 1447 quae
1556 1411 1578 1437 a
1613 1397 1937 1437 carniuororum
1969 1402 2014 1435 et

496 1484 497 1487 =
544 1458 594 1500 ab
629 1458 814 1500 humana
868 1458 950 1498 bile
1002 1457 1069 1497 sua
1122 1468 1268 1497 natura
1321 1456 1509 1505 differat,
1564 1472 1671 1511 quae
1707 1458 2012 1512 vegetabilibus

541 1524 806 1564 macerandis
839 1533 955 1576 apta,
992 1522 1158 1574 adipem
1197 1522 1374 1562 minime
1409 1521 1566 1571 soluat,
1606 1534 1742 1574 neque
1774 1535 1871 1563 cum
1908 1535 2015 1574 aqua

541 1584 828 1629 commisceat.
895 1585 1011 1626 Dum
1048 1585 1139 1625 vsus
1176 1597 1279 1638 ergo
1315 1594 1357 1625 et
1393 1586 1598 1627 necessitas
1626 1585 1831 1627 vesiculae
1865 1585 2012 1626 felleae

542 1652 592 1692 ad
628 1651 993 1705 praeparationem
1025 1647 1119 1689 bilis
1148 1650 1431 1702 praedicatur,
1466 1650 1652 1703 dumque
1690 1662 1845 1690 nomen
1882 1661 2014 1702 prop-

541 1723 656 1755 terea
690 1715 782 1756 bilis
819 1713 1016 1770 pei-{eche
1051 1713 1165 1754 latici
1200 1726 1283 1755 non
1320 1714 1566 1755 conceditur
1600 1713 1822 1768 hepatic0‚
1864 1713 1916 1754 de
1952 1714 2014 1754 sa·

541 1790 732 1833 ponacea
781 1778 966 1820 humana
1002 1776 1111 1826 bile,
1148 1789 1234 1818 non
1271 1778 1320 1818 de
1355 1778 1514 1818 mitiori
1551 1777 1625 1818 illo
1677 1778 2011 1819 herbiuororum

545 1842 793 1884 animalium
829 1842 1028 1898 hepatico
1067 1841 1203 1891 suem,
1238 1841 1473 1883 sermonem
1511 1843 1591 1882 effe
1627 1851 1787 1895 putato,
1856 1838 2011 1883 Caete-

537 1919 636 1948 rum
673 1920 747 1949 nec
783 1907 1006 1954 omnibu3‚
1044 1904 1194 1959 quibus
1231 1916 1376 1960 negata
1409 1906 1489 1955 est,
1539 1905 1680 1947 deficit
1715 1907 1852 1958 cystis.
1919 1904 2011 1946 Ne-

539 1971 723 2024 gabatur
767 1971 1021 2026 elephant0‚
1071 1971 1144 2023 qui
1181 1979 1322 2011 tamen
1357 1970 1533 2012 veficula
1567 1974 1747 2013 omnino
1790 1969 2010 2012 instruetus

539 2035 597 2074 est
620 2064 632 2083 ‚
683 2027 813 2077 medo
849 2046 894 2077 vt
927 2033 1104 2076 folliculi
1140 2035 1264 2076 instar
1300 2035 1442 2077 ductui
1478 2035 1682 2089 hepatiuo
1715 2046 1878 2076 annexa
1927 2045 2008 2086 pro

492 2146 495 2147 ⁷
541 2097 720 2139 vesicula
754 2100 874 2142 fellea
910 2099 1050 2143 habita
1084 2111 1170 2139 non
1206 2099 1343 2142 fuerit.
1437 2098 1546 2141 Aliis
1581 2099 1828 2140 animalibus
1882 2097 2007 2149 cysti-

541 2160 606 2206 dis
639 2160 739 2205 loco
771 2165 916 2208 ductus
949 2163 1164 2221 hepaticus
1197 2164 1318 2209 datur
1346 2163 1413 2208 vel
1446 2162 1729 2208 eholedo'chus
1763 2166 1808 2208 in
1842 2162 2008 2220 saccum
2085 2196 2090 2202 .

1867 2224 2003 2281 aliqua
