2209 2712
934 157 1051 210 »sats
1114 153 1130 212 )
1168 166 1260 207 234
1295 153 1310 212 (
1373 153 1490 207 ἓῑτέω

475 269 773 313 distzlbutionis
811 269 988 319 modos,
1021 270 1066 310 in
1100 270 1226 312 variis
1255 267 1480 311 visceribus
1517 265 1779 317 obseruatos,
1815 267 1946 309 inuti-

474 335 534 376 les
571 348 654 376 non
709 335 786 377 effe
837 334 1045 397 ,persuasus
1082 335 1184 376 sum.
1277 333 1448 374 Possunt
1502 332 1597 373 alibi
1634 345 1685 372 eo
1730 332 1944 382 conferre,

473 411 519 440 vt
556 400 751 449 minime,
771 399 890 452 quale
926 392 1059 439 serum
1093 413 1115 438 a
1145 399 1338 451 sanguine
1374 398 1619 439 abstractum
1654 398 1739 446 est,
1775 398 1816 438 id
1854 410 1946 438 mo-

471 477 517 505 ra
554 465 739 506 indolem
777 464 890 504 suam
928 472 1090 513 mutet,
1142 462 1237 504 alibi
1275 473 1321 503 vt
1360 473 1520 513 mutet,
1573 462 1717 503 eadem
1755 461 1941 510 ratione,

471 541 553 581 qua
589 531 629 569 in
668 527 896 581 receptacu
904 528 934 567 is
988 528 1187 568 mutanda
1219 518 1276 569 est
1310 528 1487 568 indoles.
1577 526 1744 568 Poffunt
1788 527 1830 565 in
1868 526 1946 566 he-

471 604 566 647 pate
601 596 707 635 soite
744 592 1094 633 commoditatem
1150 592 1333 646 aliquam
1379 592 1609 646 praestate,
1665 604 1750 645 quo
1783 590 1941 632 facilius

472 659 682 712 citiusque
717 657 998 698 alcalescentia
1035 658 1244 711 principia
1279 670 1376 699 cum
1413 657 1560 698 oleosis
1598 657 1634 696 se
1670 657 1944 708 coniungant.

469 720 732 775 Neutiquam
786 734 925 763 autem
954 722 1032 767 ,vel
1068 722 1280 764 eliciendis
1336 721 1638 763 secernendisue
1686 721 1749 761 his
1785 721 1944 774 princi-

467 786 547 840 piis
582 799 635 827 ex
675 786 865 840 sanguine
917 786 1143 838 inseruire,
1196 786 1265 827 vel
1301 784 1465 827 efficere
1518 786 1631 827 illam
1679 784 1945 826 coniunc'tio·

469 863 596 900 nem,
650 863 755 903 quae
806 852 989 906 propriis
1029 852 1338 893 elementorum
1377 851 1533 892 Viribus
1573 849 1822 897 absumitur,
1875 847 1945 889 vel

469 914 696 968 quidquam
744 915 794 955 ad
844 917 1111 957 resumendas
1149 917 1307 969 aliquas
1345 915 1618 968 peculiariter
1672 913 1750 954 seri
1788 922 1950 966 partes,

470 979 559 1020 aliis
612 977 810 1027 exclusis,
863 980 1156 1030 contribuere,
1210 980 1277 1021 vel
1313 980 1400 1020 vilo
1437 980 1566 1021 modo
1626 978 1950 1020 fundamentum

470 1042 748 1085 secretionum
789 1042 866 1083 effe
903 1044 1112 1085 videntur.

673 1183 753 1235 De
782 1184 891 1236 Bilis
924 1203 985 1239 ex
1015 1189 1236 1242 Vefieula
1265 1187 1405 1241 fellea
1439 1188 1736 1241 excretione

660 1296 724 1339 Vt
761 1283 897 1355 milta
933 1301 973 1341 in
1011 1316 1188 1358 corpore
1224 1305 1364 1344 nostro
1408 1303 1539 1355 fiunt,
1593 1318 1775 1359 quorum
1813 1305 1952 1348 causas

474 1344 746 1415 ignoramus,
772 1375 909 1416 eaque
935 1366 1056 1418 inter,
1085 1381 1189 1420 quae
1225 1369 1347 1421 longe
1383 1371 1594 1423 explicatu
1629 1370 1826 1411 facillima
1861 1373 1948 1425 pri-

474 1439 548 1466 mo
583 1427 736 1466 intuitu
792 1428 1016 1480 videntur,
1069 1430 1172 1470 nihil
1206 1432 1292 1470 fexe
1333 1437 1462 1484 magis
1500 1447 1579 1485 pro
1621 1437 1795 1487 cognito
1830 1448 1950 1476 com-

475 1499 684 1544 pertoquc
719 1490 866 1532 haberi
902 1492 1028 1540 solet,
1065 1506 1192 1548 quam
1231 1495 1342 1547 quod
1381 1496 1481 1535 cibis
1518 1497 1699 1537 distento
1735 1501 1950 1539 ventricu-

473 1554 519 1596 lo
556 1554 736 1611 vesicula
772 1555 892 1597 fellea
927 1560 1252 1612 comprimatur,
1289 1559 1380 1600 bilis
1419 1560 1668 1613 expellatur.
1739 1560 1946 1615 Quamuis

479 1618 889 1672 experimentulum
904 1621 1032 1674 illud,
1069 1625 1110 1665 in
1147 1624 1423 1677 descriptione
1452 1624 1655 1666 vesiculae
1690 1625 1831 1666 felleae
1867 1626 1947 1668 hu-

475 1695 626 1723 manae
680 1695 944 1736 enarratum,
997 1701 1084 1741 quo·
1119 1689 1246 1744 pressa
1281 1688 1459 1728 veficula
1496 1701 1544 1729 ne
1591 1690 1738 1730 vmbra
1773 1692 1944 1743 quidem

476 1739 822 1790 intumescentiae
858 1751 907 1791 ad
943 1753 1114 1794 ductum
1149 1753 1348 1804 cysticum
1386 1765 1517 1806 Vsque
1550 1755 1720 1808 perduci
1757 1765 1949 1810 po‚terat

475 1812 518 1851 in
557 1812 743 1865 pluribus
789 1826 876 1854 non
923 1818 1164 1871 tepetierim
1221 1817 1465 1870 corporibus
1516 1817 1648 1872 (rogo
1683 1829 1848 1870 autern,
1900 1831 1949 1862 vt

478 1887 693 1930 repetant,
747 1879 1042 1934 inquiruntque
1079 1882 1304 1930 minutius,
1357 1893 1575 1935 quousque
1611 1884 1808 1936 impulsus
1851 1886 1947 1939 cogi

479 1942 624 1993 polilt,
661 1943 808 1994 quibus
846 1948 1047 1987 cadauera-
1081 1959 1167 1987 non
1204 1946 1360 1996 modo,
1399 1945 1473 1986 sed
1511 1956 1551 1986 et
1586 1947 1737 2001 hepata
1774 1962 1946 2002 praepa-

480 2015 567 2044 rata
601 2007 842 2059 frequenter
878 2012 926 2051 ad
966 2023 1111 2051 manus
1147 2006 1286 2064 sunt);
1321 2009 1551 2052 trabeculae
1585 2023 1749 2063 tamen,
1793 2014 1943 2065 quibus

478 2069 652 2118 cysticus
705 2072 846 2113 duetus
897 2077 1079 2129 repletus
1115 2077 1194 2124 est,
1250 2074 1351 2116 mihi
1388 2074 1470 2115 fere
1507 2077 1773 2129 persuadeo-t,
1829 2077 1947 2126 fore,

479 2142 552 2180 vt,
587 2145 857 2189 quaecunque
892 2140 1016 2180 etiam
1057 2141 1245 2181 conditio
1299 2139 1498 2192 plicatum
1553 2140 1702 2188 fueri—t,
1757 2141 1831 2180 vix
1866 2153 1946 2181 vn-

479 2209 606 2253 quam
643 2207 808 2249 tamen,
858 2204 930 2244 nisi
965 2217 1166 2258 perquam
1204 2203 1376 2245 difficile
1425 2204 1556 2255 sorte,
1607 2204 1698 2245 bins
1745 2205 1946 2248 veste-ulae

1814 2271 1962 2325 pressu
