2209 2712
971 160 1084 211 ”5013
1149 156 1295 214 >236
1336 155 1349 210 ί
1414 156 1526 204 532⁶·-

516 277 602 326 tio,
639 276 930 316 intestinorum
963 275 1108 314 trastui
1149 274 1315 323 eiusque
1354 270 1538 323 appenfis
1573 269 1760 323 partibus
1784 275 1978 325 >propi-ia,

513 341 740 389 efficiatur,
795 341 1012 393 quomodo
1063 338 1227 378 differat
1265 351 1285 376 a
1322 336 1507 375 violenta
1540 335 1776 375 irritatione
1814 336 1976 377 muscu-

511 406 679 454 lorum,
734 417 810 445 cur
860 403 1018 443 acribus
1057 414 1138 441 nou
1179 404 1307 440 modo
1361 400 1598 447 excitetur,
1643 399 1714 440 fed
1749 400 1866 440 varia
1901 415 1979 454 pro

512 470 628 510 varia
677 470 862 522 corporis
914 466 1177 518 dispositione
1214 477 1254 505 at
1289 464 1534 505 conditione
1589 462 1778 504 ciborum
1833 464 1976 505 indute

513 544 705 587 quoque,
743 532 996 586 potissimum
1037 531 1178 584 sapore
1213 540 1256 570 et
1282 532 1409 571 odore
1446 527 1741 578 discernenda,
1774 529 1816 571 id
1851 542 1977 571 omne

513 600 745 651 ignoratur.

595 724 674 772 De
707 721 972 772 Contentis
1009 719 1349 769 intestinorum
1382 718 1589 784 bilisque
1618 717 1882 769 exhalantis

949 796 1000 845 in
1034 809 1090 844 ea
1130 791 1339 857 ingreffi]
1370 805 1422 842 et
1455 790 1552 843 vsu.

702 895 848 951 Quum
885 897 989 936 tanti
1024 896 1117 936 vsus
1155 906 1376 947 tantaeque
1411 893 1623 948 dignitatis
1658 893 1784 948 plicas
1821 894 1977 933 vesicu-

512 960 575 1001 lae
627 959 937 1013 trabeculasque
991 961 1135 1011 cystici
1200 960 1345 999 duetus
1398 970 1438 999 et
1490 969 1625 999 cetera
1677 958 1978 1011 impedimenta

512 1023 606 1065 bilis
635 1025 712 1064 effe
742 1025 933 1064 viderem
969 1026 1012 1063 in
1049 1022 1309 1064 conficienda
1347 1023 1707 1076 praeparandaque
1741 1021 1852 1072 bile,
1890 1032 1980 1061 tau-

514 1097 663 1140 taeque
708 1086 918 1128 efficaciae
954 1088 996 1126 in
1033 1088 1353 1137 incarceranda3
1402 1086 1522 1125 veuit
1557 1088 1599 1124 iu
1638 1095 1823 1126 mentem
1858 1084 1980 1125 dubi-

512 1164 611 1193 um:
645 1163 783 1192 annon
820 1163 926 1204 quae
960 1163 1034 1204 per
1070 1149 1330 1190 membranas
1363 1147 1563 1188 vesiculae
1601 1148 1854 1201 transpirat&
1888 1162 1983 1203 par·

512 1226 658 1268 tesque
693 1215 1034 1257 circumiacentes
1087 1214 1246 1267 tingere
1299 1210 1425 1261 solet,
1477 1224 1522 1253 ea
1555 1225 1649 1267 pars
1683 1211 1777 1253 bilis
1813 1225 1981 1267 quoque

512 1280 631 1320 vsum
684 1278 802 1319 suum
857 1278 1039 1331 aliquem
1092 1279 1201 1319 forte
1250 1273 1458 1329 praestet?
1509 1286 1557 1318 vt
1604 1289 1687 1316 non
1742 1287 1827 1318 tam
1874 1279 1982 1318 vitio

513 1343 754 1385 tunicarum
788 1341 1020 1391 vesiculae,
1069 1352 1110 1383 et
1144 1342 1344 1390 fortuito,
1394 1340 1499 1382 haec
1533 1341 1807 1395 perspirafio,
1851 1354 1978 1396 quam

512 1408 650 1461 potius
684 1419 738 1448 ex
771 1407 1076 1460 praemeditato
1111 1404 1283 1445 consilio
1316 1413 1513 1456 naturae,
1558 1404 1691 1447 fieret.
1776 1405 1978 1460 Inquifiui

512 1473 556 1516 in
607 1482 698 1513 eam
750 1481 860 1512 rem.
941 1467 1100 1523 Ligatis
1135 1480 1209 1521 per
1259 1466 1475 1507 interualla
1527 1469 1752 1520 intestinis,
1805 1482 1892 1523 quo
1938 1479 1981 1511 et

510 1535 624 1577 sedes
660 1535 704 1576 in
741 1534 791 1575 iis
827 1543 1048 1584 notarem,
1074 1531 1150 1572 -vel
1184 1529 1259 1585 ipsi
1293 1528 1497 1571 vesiculae
1532 1530 1754 1581 subiec'tas,
1786 1533 1856 1572 vel
1891 1546 1978 1574 ma-

512 1601 576 1654 gis
613 1600 802 1642 minusue
837 1597 887 1638 ab
922 1611 972 1639 ea
1005 1606 1215 1644 remotas,
1253 1603 1298 1635 et
1334 1606 1527 1636 canerem
1561 1595 1706 1646 fimul,
1750 1607 1804 1642 ne
1838 1595 1978 1638 foeces

513 1675 570 1706 ex
605 1664 694 1706 aliis
730 1663 772 1703 in
808 1660 907 1704 alias
958 1661 1068 1702 sedes
1104 1658 1410 1709 dilaberentur,
1461 1657 1652 1700 intestina
1694 1658 1798 1701 solui
1834 1674 1857 1700 a
1894 1673 1981 1702 me-

513 1727 718 1780 senterio,
773 1726 1027 1780 extensaque
1077 1725 1197 1778 super
1248 1721 1386 1764 tabula
1432 1723 1598 1777 aperui,
1648 1734 1691 1764 et
1736 1724 1977 1766 examinaui

515 1790 667 1834 foeces.
733 1788 855 1847 Quae
891 1790 969 1833 hac
1005 1789 1072 1832 via
1105 1786 1360 1844 repererim,
1392 1787 1606 1832 enarraba.

702 1910 766 1956 Vt
800 1924 1012 1968 nunquam
1051 1924 1136 1963 non
1172 1911 1315 1956 tinRas
1364 1912 1541 1955 inueniri
1576 1913 1735 1956 constat
1767 1912 1977 1971 flauedine

516 1988 682 2035 partes,
731 1977 934 2020 vesiculae
968 1978 1182 2033 contiguas
1219 1987 1260 2019 et
1297 1977 1475 2032 vicinas3
1525 1978 1578 2020 fic
1614 1979 1696 2020 hoc
1731 1980 1900 2033 q'uoque
1935 1980 1978 2020 in

518 2053 698 2098 corpore
760 2039 835 2099 (*)
885 2041 957 2084 vbi
992 2041 1162 2098 quaeuis
1218 2040 1419 2085 minutius
1469 2043 1718 2098 perquifiui,
1772 2043 1977 2085 musculos

1791 2111 1988 2161 primum*

565 2213 634 2264 (¹⁸¹)
660 2213 737 2248 Erat
763 2213 886 2249 iuuenis
913 2213 980 2251 sani
1014 2212 1173 2258 cadauer,
1210 2218 1325 2266 viginti
1364 2201 1488 2253 cireiter
1523 2228 1711 2258 annorum,
1746 2224 1887 2266 quatuor
1921 2223 1978 2253 au

664 2263 806 2312 quinque
831 2264 902 2311 post
928 2264 1103 2312 prandium
1126 2270 1224 2304 horas
1250 2267 1360 2316 algore
1386 2270 1499 2304 necati.
