2209 2712
632 124 748 175 ”302ss
813 121 1009 181 msa(
1074 125 1190 176 ⁴553<-

174 238 347 280 issorum
386 249 577 280 errorum
614 239 689 280 vix
726 238 853 280 vllam
909 239 1141 282 senfibilem
1194 239 1421 283 admittere
1465 237 1649 283 diminu-

173 312 352 344 nonem.

364 439 399 485 S.
437 442 505 477 16.
576 437 749 480 Etiamsi
788 453 841 481 ex
877 440 986 483 binis
1023 443 1171 483 nostris
1223 442 1391 486 calculis
1443 445 1650 500 posterio-

175 502 289 544 ribus
328 503 555 544 deducatur
591 504 726 545 orbita
763 506 965 547 cometae
1004 507 1317 560 Hyperbolica,
1373 522 1511 551 tamen
1566 511 1648 550 mi-

175 570 291 608 nime
331 569 426 607 inde
464 568 615 610 inferre
668 569 794 618 licet,
849 571 946 611 huic
992 569 1197 613 cometae
1249 578 1390 628 reapse
1441 575 1648 617 eiusmodi

174 644 422 685 competere
467 632 664 672 mbitam.
732 633 921 674 Primum
960 636 1070 675 enim
1111 638 1331 678 obseruare
1370 639 1536 688 licebit,
1574 652 1650 680 ex-

174 698 448 738 centricitatis
501 697 688 737 valorem
731 699 851 738 valde
889 700 1100 750 diminui,
1152 702 1179 742 fi
1216 703 1529 744 obseruationes
1564 705 1648 745 die-

171 761 246 803 bus
291 773 344 811 13
383 772 425 802 et
466 775 523 811 14
557 761 720 815 Aprilis
763 764 969 804 institutae
1007 766 1143 806 minus
1182 768 1412 808 reddantur
1447 781 1646 810 erroneae

170 827 289 867 acin
330 826 393 865 his
430 826 598 867 calculis
651 826 803 867 finitum
851 829 920 868 est.
1007 829 1176 871 Etenim
1232 831 1453 874 Elementa
1508 834 1647 874 nostra

170 891 346 931 secundo
383 898 423 928 et
458 894 585 931 terrio
620 891 718 930 loco
758 893 992 943 proposita,
1040 895 1400 937 obseruationibus
1434 897 1545 938 dieb.
1587 909 1640 946 13

170 951 347 996 Ostobr.
372 963 416 992 et
456 968 511 1003 14
530 953 635 995 Dec.
675 955 956 1002 satisfaciunt,
993 971 1071 1010 pro
1108 959 1400 1001 obseruatione
1438 974 1541 1001 vero
1579 963 1646 1003 die

175 1033 231 1069 14
265 1017 403 1073 April.
439 1018 568 1065 faeta,
622 1018 800 1059 habetur
853 1019 1174 1064 Elementorum
1228 1026 1505 1066 secundorum
1552 1040 1643 1079 per-

168 1082 297 1124 fec‘tus
333 1083 552 1124 consensus
590 1095 686 1123 cum
725 1084 1038 1127 obseruatione,
1094 1088 1193 1125 dnm
1250 1089 1369 1128 iuxta
1420 1090 1642 1131 Elementa

170 1149 292 1188 tertia
328 1147 610 1187 obseruationi
649 1147 745 1186 huic
774 1160 820 1186 11
850 1147 957 1187 Min.
990 1150 1114 1200 prim.
1134 1163 1254 1190 error
1291 1153 1414 1192 inefle
1450 1155 1637 1196 deberet.

167 1211 229 1253 At
251 1212 474 1252 secundum
495 1209 714 1251 Elementa
743 1211 917 1251 secunda
947 1214 1003 1253 est
1033 1215 1328 1256 excentricitas
1352 1229 1640 1270 0,9951222,

169 1286 212 1317 et
251 1277 471 1317 secundum
510 1276 716 1316 elementa
755 1277 875 1316 tertia
924 1290 1232 1329 1‚0037090‚
1287 1283 1345 1321 ita
1381 1295 1427 1323 vt
1464 1297 1540 1336 pro
1575 1297 1641 1325 er-

167 1354 263 1383 rore
305 1354 353 1379 11
397 1339 505 1379 Min.
544 1341 668 1393 prim.
709 1342 748 1380 in
788 1341 1078 1382 obseruatione
1114 1344 1181 1383 die
1224 1357 1281 1394 14
1315 1345 1452 1401 April.
1488 1347 1640 1390 habea-

169 1417 237 1447 tur
270 1398 449 1445 variatio
501 1406 833 1446 excentricitatis
872 1413 1185 1459 o,0085868‚
1237 1409 1334 1451 hinc
1379 1426 1458 1466 pro
1495 1425 1638 1455 errore

168 1471 287 1512 vuius
343 1470 495 1510 minuti
549 1470 674 1523 primi
714 1476 1000 1519 0‚0007806
1037 1483 1078 1513 ct
1129 1487 1206 1525 pro
1256 1487 1397 1517 errore
1450 1478 1637 1531 quinque

167 1535 325 1577 Minut.
377 1534 616 1588 primorum
656 1546 968 1588 0,0039031;
1019 1538 1179 1579 etiamfi
1231 1542 1345 1580 enim
1396 1542 1499 1583 haec
1549 1554 1635 1584 non

165 1601 329 1656 prorsus
365 1599 509 1640 exa&
550 1600 720 1641 veritati
756 1600 834 1642 fint
873 1604 1174 1656 consentanea,
1221 1613 1361 1645 tamen
1400 1620 1476 1649 nec
1512 1619 1638 1648 enor-

162 1665 288 1707 miter
322 1663 533 1706 abludent.

349 1797 381 1846 §.
407 1805 478 1844 17.
531 1794 712 1845 *Deinde
749 1807 802 1836 ex
838 1794 1156 1848 comparatione
1193 1795 1517 1840 Elementorum
1556 1813 1633 1843 no·

163 1859 341 1900 strorum
378 1861 616 1912 primorum
652 1873 748 1901 cum
788 1860 967 1900 secundo
1003 1860 1099 1902 loco
1134 1863 1379 1915 propofitis‚
1428 1863 1630 1919 'intelligi-

161 1934 229 1966 tur
265 1936 450 1965 errorem
487 1926 609 1966 vnius
646 1925 806 1965 Minuti
844 1925 995 1978 primi,
1033 1939 1109 1980 pro
1142 1926 1428 1969 obseruatione
1463 1931 1529 1971 die
1572 1943 1630 1982 14

160 1987 366 2030 Decemb.
402 1989 611 2039 instituta,
664 1990 864 2041 infignem
919 1989 1071 2031 habere
1125 1989 1321 2032 effeetum
1377 1995 1424 2035 ad
1473 2006 1629 2036 excen-

161 2053 384 2096 tricitatern
424 2053 586 2095 orbitae
622 2054 945 2094 immutandam.
1013 2052 1126 2094 Nam
1166 2056 1390 2098 secundum
1429 2058 1627 2100 Elemen-

160 2128 200 2160 ta
235 2117 368 2171 prima
418 2118 473 2160 est
523 2117 817 2159 excentriciras
852 2130 1235 2170 :09930757‚
1287 2135 1392 2175 quae
1426 2136 1448 2163 a
1483 2125 1627 2166 valore

160 2183 204 2225 in
234 2183 418 2223 secundis
442 2182 671 2223 Elementis
702 2182 897 2234 inuenta,
920 2182 1058 2225 differt
1087 2186 1319 2240 quantitate
1340 2192 1623 2241 0‚0020465.

224 2245 323 2289 Aea
340 2244 461 2290 Acad.
483 2252 577 2303 Imp.
596 2246 631 2290 S
633 2261 665 2290 c.
684 2247 722 2290 T
721 2260 794 2291 om.
812 2247 884 2291 111.
905 2250 950 2294 P.
968 2247 1023 2290 11.
1272 2248 1311 2292 Y
1330 2263 1360 2305 y
1534 2254 1625 2296 lam
