2209 2712
1059 183 1174 242 ”3³33
1238 183 1253 243 ³
1292 183 1431 242 2¹24(
1495 185 1611 238 &3230-

604 307 748 342 menta
783 299 1233 354 duetuscholedochi,
1286 309 1327 341 et
1362 309 1564 353 quantum
1599 298 1810 353 imprimis
1845 301 2069 347 artificiosa

603 367 794 420 miraque
831 366 1030 407 structura
1065 368 1108 406 in
1144 366 1290 417 leone,
1326 364 1441 405 facile
1477 362 1737 417 intelligitur.

789 494 912 550 Quae
948 507 1041 550 pars
1080 493 1215 534 laticis
1251 492 1436 549 hepatici
1490 500 1629 534 autem
1681 494 1917 547 digestionis
1955 501 2068 534 tem·

602 569 706 613 pore
742 571 826 599 non
863 560 912 601 ad
948 558 1195 607 vesiculam,
1250 559 1314 600 sed
1354 560 1402 600 ad
1440 558 1631 599 intestina
1663 572 1759 600 cum
1798 559 1935 613 aliqua
1970 557 2061 599 bilis

599 624 795 677 portione
832 624 1109 678 producitur,
1145 635 1237 664 eam
1275 634 1476 677 tanquam
1512 624 1757 664 vehiculum
1794 622 1866 663 bili
1902 621 2063 663 craffio-

598 690 660 737 ri,
711 689 981 742 pauciorique
1024 688 1166 741 copia,
1218 689 1417 729 inseruire
1470 689 1647 741 opinor,
1698 688 1957 741 quominus
1992 696 2063 727 aut

596 751 820 805 parietibus
855 755 1053 795 dudtuum
1090 761 1130 792 et
1165 753 1457 793 intestinorum
1512 751 1804 793 adhaerescens
1841 750 2064 792 consuma-

596 826 692 863 tur,
738 827 962 869 antequam
999 818 1051 859 ad
1086 817 1326 858 intestinum
1364 817 1604 871 perueniat,
1656 826 1726 857 aut
1759 817 1954 858 acredine
1988 827 2062 855 eos

596 879 779 932 parietes
831 883 1001 934 erodat3
1052 882 1219 935 prorsus
1263 892 1310 922 vt
1357 879 1564 935 prostatae
1611 881 1843 933 liquidum,
1896 879 2061 921 seminis

594 943 763 996 potioni
798 947 948 998 cuique
985 946 1197 998 expressae
1233 945 1444 993 additum,
1495 955 1536 986 et
1573 945 1775 985 volumen
1812 953 1960 996 auget,
1998 957 2063 983 re-

596 1019 848 1062 ceptumque
886 1009 1022 1050 semen
1060 1008 1108 1049 ad
1145 1008 1345 1050 destinata
1380 1008 1474 1049 loca
1510 1005 1711 1050 transfert.
1799 1006 1892 1048 Nec
1929 1007 2062 1060 magis

592 1070 734 1119 illam,
770 1073 843 1111 nifi
878 1073 1220 1126 praeternaturali
1257 1085 1378 1113 mora
1410 1073 1624 1113 incrassata
1659 1071 1772 1112 forte
1806 1081 1848 1112 et
1884 1082 2063 1112 concen-

595 1143 703 1175 trata
737 1135 882 1185 suerit,
925 1137 1039 1188 quod
1077 1135 1242 1176 calculis
1279 1148 1582 1187 nonnunquam
1619 1134 1822 1184 efficitur,
1875 1132 2062 1175 sufficere

593 1208 702 1252 puto
758 1199 887 1240 solam
937 1200 1157 1253 digestioni
1193 1199 1235 1239 in
1270 1198 1447 1240 homine
1484 1208 1527 1238 et
1562 1199 1605 1238 in
1640 1198 1888 1240 animalibus
1924 1198 2059 1240 carni-

592 1264 733 1309 voris,
769 1277 894 1315 quam
933 1265 1136 1316 prostatae
1178 1263 1384 1317 liquidum
1437 1261 1645 1304 sufficeret
1679 1263 1729 1304 ad
1765 1263 2062 1319 impraegnan-

591 1328 687 1368 dam
718 1327 976 1378 foeminam,
1011 1329 1203 1381 quamuis
1238 1329 1278 1367 in
1318 1341 1370 1370 eo
1402 1327 1515 1378 latex
1548 1326 1765 1381 hepaticus
1800 1327 1977 1379 differat,
2011 1336 2059 1368 vt

593 1393 813 1433 materiam
866 1392 1114 1440 contineat,
1181 1405 1238 1432 ex
1290 1404 1372 1444 qua
1425 1392 1772 1436 concentratione
1824 1393 1916 1435 bilis
1967 1390 2059 1434 fieri

587 1454 722 1510 poffit.

778 1580 847 1623 Sic
884 1581 1014 1623 tribus
1051 1580 1256 1628 haetenus,
1287 1583 1468 1626 articulis
1507 1583 1574 1626 seu
1609 1584 1780 1626 diuerfis
1831 1584 2061 1628 funCtioni-

591 1648 665 1688 bus
702 1648 1063 1701 praeparationem
1101 1646 1192 1688 bilis
1227 1647 1383 1689 absolui
1418 1659 1555 1702 patet,
1608 1662 1729 1703 quam
1769 1650 1841 1690 vni
1879 1649 1952 1690 soli
1997 1651 2056 1690 se-

590 1712 767 1754 cretioni
818 1711 1038 1765 hepaticae
1088 1712 1339 1762 adscribere,
1396 1714 1583 1766 adeoque
1635 1713 1907 1756 secretionem
1957 1713 2052 1755 bilis

588 1789 807 1830 perperam
844 1773 1052 1830 appellare
1088 1775 1234 1818 solent.
1314 1775 1382 1818 Ad
1421 1777 1601 1831 primam
1639 1791 1781 1819 earum
1818 1779 1952 1821 refero
1986 1792 2059 1819 re-

588 1839 840 1881 solutionem
894 1839 1100 1894 sanguinis
1152 1840 1636 1884 seroso-alcalescen-tem
1691 1844 1735 1882 in
1787 1842 1895 1883 liene
1931 1844 2052 1884 etin

589 1906 705 1945 venis
757 1905 1074 1954 intestinorum,
1126 1905 1193 1945 cui
1228 1916 1268 1945 et
1300 1906 1507 1959 resorptio
1547 1907 1676 1960 adipis
1714 1907 1877 1948 accedit
1913 1917 1955 1947 et
1990 1908 2052 1948 in-

587 1971 800 2010 troduetio
830 1969 994 2010 collcc'ti
1023 1982 1077 2009 ex
1107 1969 1234 2010 tribus
1270 1970 1453 2011 fontibus
1496 1982 1534 2011 et
1575 1972 1699 2012 mixti
1733 1972 1938 2024 sanguinis
1974 1971 2053 2012 hu-

586 2033 649 2073 ius
685 2036 726 2074 in
763 2033 908 2087 hepar.
975 2032 1167 2075 Secunda
1201 2035 1257 2074 est
1291 2034 1423 2075 laticis
1459 2036 1580 2075 huius
1623 2033 1827 2088 sanguinis
1866 2035 2048 2088 copiosi,

588 2106 629 2153 et
667 2098 806 2139 multis
847 2099 1055 2153 imprimis
1103 2097 1465 2141 alcalino-oleofis
1516 2099 1701 2153 partibus
1746 2099 2047 2152 impraegnati,

586 2155 845 2212 separatio'a
881 2163 1074 2216 sanguine
1108 2176 1214 2216 puro
1249 2163 1338 2217 ipso
1373 2177 1452 2218 ope
1487 2163 1762 2206 radicularum
1806 2163 2050 2204 innumera-

585 2235 705 2275 rum,
743 2237 842 2278 quas
879 2240 953 2280 per
986 2228 1226 2269 vniuersum
1263 2227 1395 2283 hepar
1429 2229 1573 2270 duetus
1609 2227 1821 2282 hepaticus
1857 2227 2046 2268 distribu-

1989 2301 2048 2342 1t,
