2209 2712
660 206 784 260 εοῑξ
838 206 980 271 [ιω
1020 206 1037 266 (
1100 209 1217 262 3:03

210 321 317 366 nimi
353 320 519 364 cuneoli
557 321 608 378 (ξ.
649 334 686 362 r.
725 332 800 363 art.
838 320 910 378 2.)‚
965 323 1117 365 eodem
1154 323 1311 378 unique
1345 323 1531 378 pondere
1566 338 1672 367 one-

209 392 292 429 rari
330 387 635 440 concipiuntur.
705 385 903 438 Deinde,
953 388 1115 429 interna
1150 388 1338 429 Fornicis
1371 386 1506 442 figura
1542 387 1665 444 (ibid.

207 462 287 492 art.
326 450 383 506 3.)
420 460 611 499 retenta,
661 453 860 494 cuneolos
909 452 1157 494 inuehemus
1208 453 1462 507 ponderibus
1495 455 1663 495 onustos

196 517 349 568 ,quauis
389 514 478 569 lege
513 514 880 569 progredientibus.
949 517 1062 559 Haec
1096 531 1193 572 prae
1227 518 1377 559 ceteris
1413 514 1558 559 Curua
1594 519 1664 560 Li-

203 591 284 621 nea
314 578 833 624 exastiffimewvolutanda
867 580 947 630 est,
994 592 1141 636 vtpote
1177 594 1282 637 quae
1316 583 1359 622 in
1395 595 1666 624 concamera-

203 643 388 685 tionibus
440 645 716 700 praecipuum
769 643 896 686 habet
945 647 1066 688 vsum
1116 646 1165 688 ab
1216 647 1507 702 antiquissimis
1554 656 1664 705 tem·-v

198 708 384 764 poribus.

762 789 1074 872 Propofitio
1118 817 1161 852 1.

387 913 420 963 ς.
462 919 500 956 8.
582 910 860 965 Impulfiones
913 916 1185 969 tangentiales
1220 915 1265 956 in
1308 915 1424 957 Arcu
1477 913 1668 957 Fornicis

201 975 392 1017 circulari
434 978 477 1017 in
513 976 710 1019 omnibus
755 978 974 1032 perimetri
1007 981 1174 1035 punctis
1210 981 1440 1036 aequaliter
1472 990 1670 1034 grauato‚

195 1037 380 1081 definire.

386 1151 487 1192 Esto
539 1150 718 1194 R‘MS'
765 1153 897 1206 figura
946 1155 1116 1195 fornicis
1169 1156 1337 1209 propria
1388 1157 1450 1205 (ξ.
1492 1150 1558 1209 1.)
1601 1153 1844 1196 se-Tab.1v.

150 1208 153 1211 “
200 1215 468 1258 micircularis
504 1216 545 1254 in
584 1216 758 1257 minima
794 1217 1003 1258 elementa
1039 1219 1229 1272 aequalia
1255 1220 1364 1268 AB,
1397 1219 1433 1259 Β
1455 1218 1512 1269 Ε,
1547 1217 1662 1273 EQ,

198 1293 274 1322 etc.
311 1280 348 1320 A
373 1278 416 1327 F,
454 1278 557 1328 FK,
593 1292 669 1320 etc.
708 1281 896 1321 resoluta.
967 1281 1278 1324 Subtendantur
1313 1283 1461 1323 Arculi
1496 1282 1663 1324 chordis

196 1344 318 1392 AB,
353 1344 388 1384 Β
410 1343 466 1393 Ε,
499 1354 575 1383 etc.
620 1343 661 1383 A
684 1343 729 1392 F,
765 1342 877 1392 FK,
915 1355 1007 1393 etc„
1064 1358 1171 1397 quae
1223 1345 1411 1387 Fornicis
1464 1347 1662 1390 cuneolos

195 1408 353 1451 referre
406 1419 537 1460 aeque
590 1407 893 1459 potideranteS‚
945 1419 1001 1448 ex
1044 1408 1290 1463 hypothesi,
1345 1412 1663 1465 concipiantur,

196 1475 440 1524 dicaturque
475 1483 616 1512 earum
652 1470 860 1524 quaelibet
895 1470 970 1516 ds.
1055 1470 1197 1527 Quare
1231 1473 1259 1514 fi
1295 1488 1369 1529 per
1402 1475 1583 1516 litteram
1620 1474 1661 1517 G

192 1537 369 1592 grauitas
405 1533 592 1589 specifica
626 1534 795 1576 fornicis
832 1536 1022 1576 materiei
1072 1537 1330 1592 designetur,
1382 1540 1460 1581 erit
1495 1541 1658 1594 pondus

195 1603 396 1654 cuiusque
447 1599 614 1639 cuneoli
667 1599 899 1641 absolutum
935 1596 1158 1651 :Gds‚
1194 1603 1262 1644 vel
1297 1603 1537 1659 simpliciter
1570 1605 1657 1654 ds,

194 1663 360 1706 suffecta
394 1665 554 1706 vnitate
591 1663 688 1704 loco
738 1663 961 1705 constantis
996 1663 1062 1715 G,
1109 1667 1220 1720 quod
1253 1668 1295 1708 in
1334 1678 1484 1711 centro
1519 1667 1659 1723 graui-

194 1731 289 1770 tatis
331 1729 503 1783 eiusque
558 1727 765 1769 subtensae
817 1729 1041 1770 collectum
1094 1731 1373 1787 intelligatur,
1425 1735 1468 1774 in
1505 1733 1658 1787 punsto

195 1793 380 1842 scilicet,
446 1792 557 1846 quod
611 1792 803 1834 bifariam
856 1793 1004 1835 diuidit
1057 1807 1265 1850 quamque
1321 1798 1550 1838 subtensam
1601 1807 1657 1837 ex

196 1857 501 1912 praesuppofita
535 1858 737 1897 vniformi
773 1858 961 1898 eiusdem
997 1859 1209 1904 densitate.
1276 1857 1471 1903 Cuneum
1515 1861 1655 1913 itaque

194 1921 316 1970 AB,
368 1919 555 1961 vmbilici
590 1920 702 1962 vices
737 1933 976 1975 gerentem,
1027 1922 1081 1962 ob
1115 1922 1233 1965 fitum
1269 1924 1481 1965 horizonti
1517 1924 1654 1978 paral-

193 1986 343 2035 lelum,
395 1984 532 2025 radius
583 1985 722 2026 circuli
759 1985 864 2027 LM
914 1987 1101 2027 bifariam
1138 1997 1183 2027 et
1218 1989 1267 2029 ad
1303 1990 1476 2041 angulos
1517 1989 1653 2030 restos

194 2050 345 2092 diuidit
380 2050 422 2090 in
457 2062 501 2090 x.
569 2045 682 2090 Cum
733 2061 874 2092 autem
927 2051 1112 2091 eiusdem
1167 2053 1339 2093 termini
1391 2052 1531 2095 fulcris
1582 2052 1653 2094 vel

194 2115 392 2155 iuueturis
425 2116 476 2163 (§.
519 2126 557 2153 1.
592 2114 689 2154 Art.
729 2112 786 2168 2.)
824 2116 1095 2167 imponantur
1132 2114 1198 2164 A,
1231 2115 1290 2166 B,
1325 2128 1448 2171 atque
1482 2118 1569 2158 vim
1608 2118 1651 2158 in

198 2189 341 2220 centro
383 2177 593 2231 grauitatis
628 2191 660 2219 x
694 2191 872 2218 cuneum
924 2178 1215 2221 sollicitantem
1252 2181 1294 2220 in
1331 2182 1414 2235 ipsa
1450 2182 1552 2222 radii
1587 2182 1652 2221 di-

197 2243 381 2282 rectione
415 2242 496 2282 xL
532 2244 745 2282 excerceri
797 2242 1056 2285 manifestum
1107 2244 1178 2296 fit,
1229 2245 1339 2286 aetio
1373 2246 1572 2301 ponderis
1608 2246 1652 2285 in

199 2303 300 2347 Ac7a
318 2305 438 2352 Acad.
458 2304 548 2360 Imp.
567 2305 634 2348 Sc.
656 2306 762 2348 Tom.
783 2305 855 2348 ΙΙΙ.
873 2309 919 2348 Ρ.
939 2306 991 2349 ΙΙ.
1243 2306 1286 2350 Χ
1504 2309 1651 2349 termi-

1700 1208 1774 1262 εις.
1807 1223 1843 1254 4,
