<?xml version="1.0" encoding="UTF-8"?>
<!DOCTYPE html PUBLIC "-//W3C//DTD XHTML 1.0 Transitional//EN"
    "http://www.w3.org/TR/xhtml1/DTD/xhtml1-transitional.dtd">
<html xmlns="http://www.w3.org/1999/xhtml" xml:lang="en" lang="en">
 <head>
  <title>
</title>
<meta http-equiv="Content-Type" content="text/html;charset=utf-8" />
  <meta name='ocr-system' content='tesseract 3.04.00' />
  <meta name='ocr-capabilities' content='ocr_page ocr_carea ocr_par ocr_line ocrx_word'/>
</head>
<body>
  <div class='ocr_page' id='page_1' title='image "./actaacademiae79impe_0398.png"; bbox 0 0 2209 2712; ppageno 0'>
   <div class='ocr_carea' id='block_1_1' title="bbox 974 74 1535 135">
    <p class='ocr_par' dir='ltr' id='par_1_1' title="bbox 974 74 1535 135">
     <span class='ocr_line' id='line_1_1' title="bbox 974 74 1535 135; baseline -0.007 -6"><span class='ocrx_word' id='word_1_1' title='bbox 974 79 1089 129; x_wconf 59' lang='lat'>»2223</span> <span class='ocrx_word' id='word_1_2' title='bbox 1157 75 1172 135; x_wconf 92' lang='lat'>)</span> <span class='ocrx_word' id='word_1_3' title='bbox 1210 74 1352 134; x_wconf 69' lang='lat'>354(</span> <span class='ocrx_word' id='word_1_4' title='bbox 1420 75 1535 127; x_wconf 57' lang='lat' dir='ltr'>&amp;tc-23&lt;-</span> 
     </span>
    </p>
   </div>
   <div class='ocr_carea' id='block_1_2' title="bbox 515 189 1999 572">
    <p class='ocr_par' dir='ltr' id='par_1_2' title="bbox 515 189 1999 572">
     <span class='ocr_line' id='line_1_2' title="bbox 515 189 1991 249; baseline -0.004 -12"><span class='ocrx_word' id='word_1_5' title='bbox 515 198 605 238; x_wconf 80' lang='lat' dir='ltr'>Iam</span> <span class='ocrx_word' id='word_1_6' title='bbox 644 197 671 237; x_wconf 78' lang='lat' dir='ltr'>si</span> <span class='ocrx_word' id='word_1_7' title='bbox 708 208 786 249; x_wconf 86' lang='lat' dir='ltr'>pro</span> <span class='ocrx_word' id='word_1_8' title='bbox 820 192 1052 236; x_wconf 76' lang='lat' dir='ltr'>Elemeutis</span> <span class='ocrx_word' id='word_1_9' title='bbox 1089 195 1249 246; x_wconf 84' lang='lat' dir='ltr'>quartis</span> <span class='ocrx_word' id='word_1_10' title='bbox 1285 193 1354 233; x_wconf 86' lang='lat' dir='ltr'>vbi</span> <span class='ocrx_word' id='word_1_11' title='bbox 1391 189 1687 233; x_wconf 82' lang='lat' dir='ltr'>excentricitas</span> <span class='ocrx_word' id='word_1_12' title='bbox 1709 201 1991 243; x_wconf 82' lang='lat'>0‚0024901‚</span> 
     </span>
     <span class='ocr_line' id='line_1_3' title="bbox 518 256 1996 315; baseline -0.003 -13"><span class='ocrx_word' id='word_1_13' title='bbox 518 261 801 315; x_wconf 78' lang='lat' dir='ltr'>supponamus</span> <span class='ocrx_word' id='word_1_14' title='bbox 839 261 1041 314; x_wconf 86' lang='lat' dir='ltr'>primum,</span> <span class='ocrx_word' id='word_1_15' title='bbox 1078 257 1420 300; x_wconf 78' lang='lat' dir='ltr'>obseruationem</span> <span class='ocrx_word' id='word_1_16' title='bbox 1459 256 1525 296; x_wconf 91' lang='lat' dir='ltr'>die</span> <span class='ocrx_word' id='word_1_17' title='bbox 1569 269 1626 307; x_wconf 86' lang='lat'>14</span> <span class='ocrx_word' id='word_1_18' title='bbox 1648 256 1805 310; x_wconf 82' lang='lat' dir='ltr'>Aprilis</span> <span class='ocrx_word' id='word_1_19' title='bbox 1848 269 1867 305; x_wconf 84' lang='grc' dir='ltr'><em>ς</em></span> <span class='ocrx_word' id='word_1_20' title='bbox 1908 256 1996 297; x_wconf 87' lang='lat' dir='ltr'>Mi-</span> 
     </span>
     <span class='ocr_line' id='line_1_4' title="bbox 519 320 1999 380; baseline -0.003 -13"><span class='ocrx_word' id='word_1_21' title='bbox 519 328 631 367; x_wconf 86' lang='lat' dir='ltr'>nutis</span> <span class='ocrx_word' id='word_1_22' title='bbox 668 326 816 380; x_wconf 85' lang='lat' dir='ltr'>primis</span> <span class='ocrx_word' id='word_1_23' title='bbox 856 326 992 364; x_wconf 87' lang='lat' dir='ltr'>minus</span> <span class='ocrx_word' id='word_1_24' title='bbox 1022 326 1100 364; x_wconf 81' lang='lat' dir='ltr'>effe</span> <span class='ocrx_word' id='word_1_25' title='bbox 1130 336 1377 371; x_wconf 82' lang='lat' dir='ltr'>erroneam,</span> <span class='ocrx_word' id='word_1_26' title='bbox 1423 335 1549 376; x_wconf 76' lang='lat' dir='ltr'>quam</span> <span class='ocrx_word' id='word_1_27' title='bbox 1589 334 1643 362; x_wconf 87' lang='lat' dir='ltr'>ex</span> <span class='ocrx_word' id='word_1_28' title='bbox 1680 320 1742 361; x_wconf 88' lang='lat' dir='ltr'>his</span> <span class='ocrx_word' id='word_1_29' title='bbox 1762 321 1999 363; x_wconf 86' lang='lat' dir='ltr'>Elementis</span> 
     </span>
     <span class='ocr_line' id='line_1_5' title="bbox 519 383 1997 441; baseline -0.004 -8"><span class='ocrx_word' id='word_1_30' title='bbox 519 393 760 438; x_wconf 83' lang='lat' dir='ltr'>inuenitur,</span> <span class='ocrx_word' id='word_1_31' title='bbox 797 401 884 431; x_wconf 86' lang='lat' dir='ltr'>tum</span> <span class='ocrx_word' id='word_1_32' title='bbox 925 401 1028 429; x_wconf 86' lang='lat' dir='ltr'>vero</span> <span class='ocrx_word' id='word_1_33' title='bbox 1065 389 1262 429; x_wconf 75' lang='lat' dir='ltr'>statuatur</span> <span class='ocrx_word' id='word_1_34' title='bbox 1296 388 1634 440; x_wconf 87' lang='lat' dir='ltr'>Longitudinem</span> <span class='ocrx_word' id='word_1_35' title='bbox 1673 383 1879 428; x_wconf 77' lang='lat' dir='ltr'>Cometae</span> <span class='ocrx_word' id='word_1_36' title='bbox 1918 399 1997 441; x_wconf 89' lang='lat' dir='ltr'>pro</span> 
     </span>
     <span class='ocr_line' id='line_1_6' title="bbox 517 452 1997 507; baseline -0.005 -9"><span class='ocrx_word' id='word_1_37' title='bbox 517 457 584 505; x_wconf 76' lang='lat' dir='ltr'>die</span> <span class='ocrx_word' id='word_1_38' title='bbox 625 469 681 507; x_wconf 86' lang='lat'>14</span> <span class='ocrx_word' id='word_1_39' title='bbox 720 453 821 499; x_wconf 77' lang='lat' dir='ltr'>Dec,</span> <span class='ocrx_word' id='word_1_40' title='bbox 857 452 1019 493; x_wconf 79' lang='lat' dir='ltr'>dnobus</span> <span class='ocrx_word' id='word_1_41' title='bbox 1058 453 1234 494; x_wconf 82' lang='lat' dir='ltr'>minutis</span> <span class='ocrx_word' id='word_1_42' title='bbox 1272 454 1420 507; x_wconf 84' lang='lat' dir='ltr'>primis</span> <span class='ocrx_word' id='word_1_43' title='bbox 1456 453 1534 494; x_wconf 83' lang='lat' dir='ltr'>effe</span> <span class='ocrx_word' id='word_1_44' title='bbox 1586 452 1846 506; x_wconf 80' lang='lat' dir='ltr'>augendam,</span> <span class='ocrx_word' id='word_1_45' title='bbox 1898 452 1997 494; x_wconf 86' lang='lat' dir='ltr'>hinc</span> 
     </span>
     <span class='ocr_line' id='line_1_7' title="bbox 520 518 1387 572; baseline -0.006 -7"><span class='ocrx_word' id='word_1_46' title='bbox 520 521 818 565; x_wconf 77' lang='lat' dir='ltr'>excentricitas</span> <span class='ocrx_word' id='word_1_47' title='bbox 855 518 1116 559; x_wconf 86' lang='lat' dir='ltr'>diminuetur</span> <span class='ocrx_word' id='word_1_48' title='bbox 1154 520 1387 572; x_wconf 74' lang='lat' dir='ltr'>quantitate</span> 
     </span>
    </p>
   </div>
   <div class='ocr_carea' id='block_1_3' title="bbox 704 610 1886 662">
    <p class='ocr_par' dir='ltr' id='par_1_3' title="bbox 704 610 1886 662">
     <span class='ocr_line' id='line_1_8' title="bbox 704 610 1886 662; baseline 0 -14"><span class='ocrx_word' id='word_1_49' title='bbox 704 618 769 658; x_wconf 70' lang='lat' dir='ltr'>-Js-</span> <span class='ocrx_word' id='word_1_50' title='bbox 789 621 832 659; x_wconf 86' lang='lat'>0,</span> <span class='ocrx_word' id='word_1_51' title='bbox 854 620 1072 659; x_wconf 80' lang='lat'>0039031</span> <span class='ocrx_word' id='word_1_52' title='bbox 1096 616 1160 656; x_wconf 66' lang='lat'>-}—</span> <span class='ocrx_word' id='word_1_53' title='bbox 1179 620 1221 658; x_wconf 90' lang='lat'>0,</span> <span class='ocrx_word' id='word_1_54' title='bbox 1244 620 1464 662; x_wconf 84' lang='lat'>0040930</span> <span class='ocrx_word' id='word_1_55' title='bbox 1485 616 1549 656; x_wconf 72' lang='lat' dir='ltr'>-Js-</span> <span class='ocrx_word' id='word_1_56' title='bbox 1571 619 1613 658; x_wconf 86' lang='lat'>0,</span> <span class='ocrx_word' id='word_1_57' title='bbox 1637 610 1886 659; x_wconf 89' lang='lat'>0079961,</span> 
     </span>
    </p>
   </div>
   <div class='ocr_carea' id='block_1_4' title="bbox 516 700 2006 1017">
    <p class='ocr_par' dir='ltr' id='par_1_4' title="bbox 516 700 2006 1017">
     <span class='ocr_line' id='line_1_9' title="bbox 516 700 1996 757; baseline -0.002 -11"><span class='ocrx_word' id='word_1_58' title='bbox 516 704 575 746; x_wconf 81' lang='lat' dir='ltr'>ita</span> <span class='ocrx_word' id='word_1_59' title='bbox 612 714 658 745; x_wconf 88' lang='lat' dir='ltr'>vt</span> <span class='ocrx_word' id='word_1_60' title='bbox 692 703 768 745; x_wconf 82' lang='lat' dir='ltr'>hac</span> <span class='ocrx_word' id='word_1_61' title='bbox 807 715 885 757; x_wconf 84' lang='lat' dir='ltr'>pro</span> <span class='ocrx_word' id='word_1_62' title='bbox 922 700 1145 754; x_wconf 81' lang='lat' dir='ltr'><strong>hypothesi</strong></span> <span class='ocrx_word' id='word_1_63' title='bbox 1192 702 1331 742; x_wconf 84' lang='lat' dir='ltr'>futura</span> <span class='ocrx_word' id='word_1_64' title='bbox 1367 702 1413 742; x_wconf 87' lang='lat' dir='ltr'>fit</span> <span class='ocrx_word' id='word_1_65' title='bbox 1452 714 1764 753; x_wconf 78' lang='lat'>0,9944939‚</span> <span class='ocrx_word' id='word_1_66' title='bbox 1816 702 1996 756; x_wconf 85' lang='lat' dir='ltr'>ideoque</span> 
     </span>
     <span class='ocr_line' id='line_1_10' title="bbox 518 766 1999 820; baseline 0 -13"><span class='ocrx_word' id='word_1_67' title='bbox 518 771 660 812; x_wconf 82' lang='lat' dir='ltr'>minor</span> <span class='ocrx_word' id='word_1_68' title='bbox 696 781 742 808; x_wconf 78' lang='lat' dir='ltr'>ac</span> <span class='ocrx_word' id='word_1_69' title='bbox 783 767 824 806; x_wconf 91' lang='lat' dir='ltr'>in</span> <span class='ocrx_word' id='word_1_70' title='bbox 863 766 1096 807; x_wconf 83' lang='lat' dir='ltr'>Elementis</span> <span class='ocrx_word' id='word_1_71' title='bbox 1135 766 1286 806; x_wconf 76' lang='lat' dir='ltr'>nostris</span> <span class='ocrx_word' id='word_1_72' title='bbox 1325 767 1523 807; x_wconf 84' lang='lat' dir='ltr'>secundis.</span> <span class='ocrx_word' id='word_1_73' title='bbox 1594 767 1812 820; x_wconf 84' lang='lat' dir='ltr'>Quicquid</span> <span class='ocrx_word' id='word_1_74' title='bbox 1860 777 1999 807; x_wconf 77' lang='lat' dir='ltr'>autem</span> 
     </span>
     <span class='ocr_line' id='line_1_11' title="bbox 518 828 2001 881; baseline -0.003 -6"><span class='ocrx_word' id='word_1_75' title='bbox 518 835 567 875; x_wconf 84' lang='lat' dir='ltr'>fit</span> <span class='ocrx_word' id='word_1_76' title='bbox 603 834 654 874; x_wconf 87' lang='lat' dir='ltr'>de</span> <span class='ocrx_word' id='word_1_77' title='bbox 689 832 752 874; x_wconf 90' lang='lat' dir='ltr'>his</span> <span class='ocrx_word' id='word_1_78' title='bbox 790 831 1147 878; x_wconf 66' lang='lat' dir='ltr'>comestionibus,</span> <span class='ocrx_word' id='word_1_79' title='bbox 1202 830 1349 871; x_wconf 74' lang='lat' dir='ltr'>ialtem</span> <span class='ocrx_word' id='word_1_80' title='bbox 1390 843 1444 870; x_wconf 86' lang='lat' dir='ltr'>ex</span> <span class='ocrx_word' id='word_1_81' title='bbox 1484 830 1565 870; x_wconf 83' lang='lat' dir='ltr'>hoc</span> <span class='ocrx_word' id='word_1_82' title='bbox 1603 829 1829 872; x_wconf 68' lang='lat' dir='ltr'>ratiocinio</span> <span class='ocrx_word' id='word_1_83' title='bbox 1878 828 2001 881; x_wconf 88' lang='lat' dir='ltr'>liqui-</span> 
     </span>
     <span class='ocr_line' id='line_1_12' title="bbox 519 893 2006 954; baseline -0.003 -14"><span class='ocrx_word' id='word_1_84' title='bbox 519 899 575 940; x_wconf 87' lang='lat' dir='ltr'>do</span> <span class='ocrx_word' id='word_1_85' title='bbox 625 909 758 954; x_wconf 74' lang='lat' dir='ltr'>patet.</span> <span class='ocrx_word' id='word_1_86' title='bbox 814 910 890 950; x_wconf 85' lang='lat' dir='ltr'>pro</span> <span class='ocrx_word' id='word_1_87' title='bbox 929 898 1071 937; x_wconf 80' lang='lat' dir='ltr'>nosti-o</span> <span class='ocrx_word' id='word_1_88' title='bbox 1110 895 1292 936; x_wconf 72' lang='lat' dir='ltr'>Cometa</span> <span class='ocrx_word' id='word_1_89' title='bbox 1327 898 1376 936; x_wconf 85' lang='lat' dir='ltr'>de</span> <span class='ocrx_word' id='word_1_90' title='bbox 1414 906 1606 947; x_wconf 85' lang='lat' dir='ltr'>tempore</span> <span class='ocrx_word' id='word_1_91' title='bbox 1643 895 1732 934; x_wconf 80' lang='lat' dir='ltr'>eius</span> <span class='ocrx_word' id='word_1_92' title='bbox 1779 893 2006 936; x_wconf 81' lang='lat' dir='ltr'>Periodico</span> 
     </span>
     <span class='ocr_line' id='line_1_13' title="bbox 518 958 1937 1017; baseline -0.004 -13"><span class='ocrx_word' id='word_1_93' title='bbox 518 965 598 1005; x_wconf 83' lang='lat' dir='ltr'>vix</span> <span class='ocrx_word' id='word_1_94' title='bbox 633 962 864 1017; x_wconf 82' lang='lat' dir='ltr'>quidquam</span> <span class='ocrx_word' id='word_1_95' title='bbox 902 974 997 1002; x_wconf 90' lang='lat' dir='ltr'>cum</span> <span class='ocrx_word' id='word_1_96' title='bbox 1035 961 1176 1014; x_wconf 77' lang='lat' dir='ltr'>aliqua</span> <span class='ocrx_word' id='word_1_97' title='bbox 1212 960 1402 1000; x_wconf 80' lang='lat' dir='ltr'>veritatis</span> <span class='ocrx_word' id='word_1_98' title='bbox 1441 959 1574 1013; x_wconf 82' lang='lat' dir='ltr'>specie</span> <span class='ocrx_word' id='word_1_99' title='bbox 1610 958 1776 1000; x_wconf 86' lang='lat' dir='ltr'>definiri</span> <span class='ocrx_word' id='word_1_100' title='bbox 1813 959 1937 1013; x_wconf 84' lang='lat' dir='ltr'>posse.</span> 
     </span>
    </p>
   </div>
   <div class='ocr_carea' id='block_1_5' title="bbox 525 1093 2018 2244">
    <p class='ocr_par' dir='ltr' id='par_1_5' title="bbox 525 1093 2016 2199">
     <span class='ocr_line' id='line_1_14' title="bbox 715 1093 2010 1154; baseline 0 -16"><span class='ocrx_word' id='word_1_101' title='bbox 715 1103 747 1151; x_wconf 68' lang='grc' dir='ltr'>ς.</span> <span class='ocrx_word' id='word_1_102' title='bbox 794 1108 862 1143; x_wconf 84' lang='lat'>18.</span> <span class='ocrx_word' id='word_1_103' title='bbox 932 1098 1063 1154; x_wconf 84' lang='lat' dir='ltr'>Quod</span> <span class='ocrx_word' id='word_1_104' title='bbox 1100 1107 1240 1137; x_wconf 81' lang='lat' dir='ltr'>autem</span> <span class='ocrx_word' id='word_1_105' title='bbox 1292 1093 1385 1137; x_wconf 87' lang='lat' dir='ltr'>Cel.</span> <span class='ocrx_word' id='word_1_106' title='bbox 1422 1096 1619 1138; x_wconf 76' lang='lat' dir='ltr'>Lambert</span> <span class='ocrx_word' id='word_1_107' title='bbox 1654 1109 1708 1138; x_wconf 87' lang='lat' dir='ltr'>ex</span> <span class='ocrx_word' id='word_1_108' title='bbox 1746 1096 2010 1138; x_wconf 77' lang='lat' dir='ltr'>obseruatio-</span> 
     </span>
     <span class='ocr_line' id='line_1_15' title="bbox 525 1160 2011 1222; baseline -0.007 -13"><span class='ocrx_word' id='word_1_109' title='bbox 525 1167 663 1222; x_wconf 86' lang='lat' dir='ltr'>nibus,</span> <span class='ocrx_word' id='word_1_110' title='bbox 694 1165 839 1208; x_wconf 83' lang='lat' dir='ltr'>diebus</span> <span class='ocrx_word' id='word_1_111' title='bbox 882 1178 932 1214; x_wconf 83' lang='lat'>15</span> <span class='ocrx_word' id='word_1_112' title='bbox 973 1163 1088 1205; x_wconf 90' lang='lat' dir='ltr'>Nou.</span> <span class='ocrx_word' id='word_1_113' title='bbox 1132 1175 1184 1203; x_wconf 89' lang='lat'>10</span> <span class='ocrx_word' id='word_1_114' title='bbox 1220 1160 1328 1202; x_wconf 82' lang='lat' dir='ltr'>Dec.</span> <span class='ocrx_word' id='word_1_115' title='bbox 1366 1173 1405 1203; x_wconf 90' lang='lat' dir='ltr'>et</span> <span class='ocrx_word' id='word_1_116' title='bbox 1445 1177 1476 1213; x_wconf 88' lang='lat'>4</span> <span class='ocrx_word' id='word_1_117' title='bbox 1512 1161 1584 1202; x_wconf 80' lang='lat' dir='ltr'>lan</span> <span class='ocrx_word' id='word_1_118' title='bbox 1619 1161 1806 1205; x_wconf 84' lang='lat' dir='ltr'>Beroliui</span> <span class='ocrx_word' id='word_1_119' title='bbox 1847 1163 2011 1204; x_wconf 63' lang='lat' dir='ltr'>institm</span> 
     </span>
     <span class='ocr_line' id='line_1_16' title="bbox 527 1227 2010 1282; baseline -0.004 -7"><span class='ocrx_word' id='word_1_120' title='bbox 527 1234 580 1277; x_wconf 81' lang='lat' dir='ltr'>tis</span> <span class='ocrx_word' id='word_1_121' title='bbox 617 1233 664 1273; x_wconf 84' lang='lat' dir='ltr'>ad</span> <span class='ocrx_word' id='word_1_122' title='bbox 702 1231 884 1272; x_wconf 75' lang='lat' dir='ltr'>orbitam</span> <span class='ocrx_word' id='word_1_123' title='bbox 922 1229 1146 1282; x_wconf 74' lang='lat' dir='ltr'>perdmstus</span> <span class='ocrx_word' id='word_1_124' title='bbox 1183 1227 1229 1267; x_wconf 82' lang='lat' dir='ltr'>sit</span> <span class='ocrx_word' id='word_1_125' title='bbox 1267 1227 1520 1281; x_wconf 76' lang='lat' dir='ltr'>Elipticam,</span> <span class='ocrx_word' id='word_1_126' title='bbox 1574 1228 1614 1268; x_wconf 86' lang='lat' dir='ltr'>id</span> <span class='ocrx_word' id='word_1_127' title='bbox 1653 1227 1736 1269; x_wconf 87' lang='lat' dir='ltr'>fine</span> <span class='ocrx_word' id='word_1_128' title='bbox 1773 1230 1903 1269; x_wconf 88' lang='lat' dir='ltr'>dubio</span> <span class='ocrx_word' id='word_1_129' title='bbox 1939 1241 2010 1269; x_wconf 84' lang='lat' dir='ltr'>er-</span> 
     </span>
     <span class='ocr_line' id='line_1_17' title="bbox 528 1293 2006 1348; baseline -0.005 -7"><span class='ocrx_word' id='word_1_130' title='bbox 528 1298 692 1341; x_wconf 85' lang='lat' dir='ltr'>roribus</span> <span class='ocrx_word' id='word_1_131' title='bbox 744 1295 894 1337; x_wconf 82' lang='lat' dir='ltr'>harum</span> <span class='ocrx_word' id='word_1_132' title='bbox 948 1294 1288 1335; x_wconf 68' lang='lat' dir='ltr'>obseruationum</span> <span class='ocrx_word' id='word_1_133' title='bbox 1343 1293 1658 1334; x_wconf 79' lang='lat' dir='ltr'>adscribendum</span> <span class='ocrx_word' id='word_1_134' title='bbox 1713 1294 1798 1346; x_wconf 77' lang='lat' dir='ltr'>est3</span> <span class='ocrx_word' id='word_1_135' title='bbox 1848 1293 2006 1348; x_wconf 83' lang='lat' dir='ltr'>quippe</span> 
     </span>
     <span class='ocr_line' id='line_1_18' title="bbox 530 1357 2011 1416; baseline -0.005 -11"><span class='ocrx_word' id='word_1_136' title='bbox 530 1375 662 1416; x_wconf 88' lang='lat' dir='ltr'>quum</span> <span class='ocrx_word' id='word_1_137' title='bbox 699 1374 755 1402; x_wconf 89' lang='lat' dir='ltr'>cx</span> <span class='ocrx_word' id='word_1_138' title='bbox 793 1361 1116 1414; x_wconf 77' lang='lat' dir='ltr'>comparatione</span> <span class='ocrx_word' id='word_1_139' title='bbox 1148 1358 1340 1407; x_wconf 76' lang='lat' dir='ltr'>illarum,</span> <span class='ocrx_word' id='word_1_140' title='bbox 1377 1371 1473 1398; x_wconf 89' lang='lat' dir='ltr'>cum</span> <span class='ocrx_word' id='word_1_141' title='bbox 1514 1358 1620 1408; x_wconf 77' lang='lat' dir='ltr'>istis,</span> <span class='ocrx_word' id='word_1_142' title='bbox 1657 1371 1758 1412; x_wconf 83' lang='lat' dir='ltr'>quas</span> <span class='ocrx_word' id='word_1_143' title='bbox 1781 1357 2011 1401; x_wconf 80' lang='lat' dir='ltr'>Ce1.Mes-</span> 
     </span>
     <span class='ocr_line' id='line_1_19' title="bbox 528 1422 2010 1478; baseline -0.003 -10"><span class='ocrx_word' id='word_1_144' title='bbox 528 1428 604 1472; x_wconf 82' lang='lat' dir='ltr'>fier</span> <span class='ocrx_word' id='word_1_145' title='bbox 638 1426 866 1476; x_wconf 82' lang='lat' dir='ltr'><strong>debemus,</strong></span> <span class='ocrx_word' id='word_1_146' title='bbox 916 1426 1098 1473; x_wconf 82' lang='lat' dir='ltr'>constet,</span> <span class='ocrx_word' id='word_1_147' title='bbox 1152 1437 1232 1478; x_wconf 86' lang='lat' dir='ltr'>pro</span> <span class='ocrx_word' id='word_1_148' title='bbox 1267 1422 1562 1463; x_wconf 75' lang='lat' dir='ltr'>obseruatione</span> <span class='ocrx_word' id='word_1_149' title='bbox 1598 1424 1665 1464; x_wconf 84' lang='lat' dir='ltr'>die</span> <span class='ocrx_word' id='word_1_150' title='bbox 1709 1437 1759 1474; x_wconf 82' lang='lat'>15</span> <span class='ocrx_word' id='word_1_151' title='bbox 1801 1423 1914 1464; x_wconf 85' lang='lat' dir='ltr'>Nou.</span> <span class='ocrx_word' id='word_1_152' title='bbox 1951 1424 2010 1464; x_wconf 81' lang='lat' dir='ltr'>fa·</span> 
     </span>
     <span class='ocr_line' id='line_1_20' title="bbox 533 1489 2012 1542; baseline -0.004 -8"><span class='ocrx_word' id='word_1_153' title='bbox 533 1493 621 1541; x_wconf 64' lang='lat' dir='ltr'>sta,</span> <span class='ocrx_word' id='word_1_154' title='bbox 655 1492 696 1532; x_wconf 88' lang='lat' dir='ltr'>in</span> <span class='ocrx_word' id='word_1_155' title='bbox 738 1489 979 1531; x_wconf 76' lang='lat' dir='ltr'>Latitudine</span> <span class='ocrx_word' id='word_1_156' title='bbox 1015 1501 1204 1529; x_wconf 83' lang='lat' dir='ltr'>errorem</span> <span class='ocrx_word' id='word_1_157' title='bbox 1242 1499 1354 1529; x_wconf 80' lang='lat' dir='ltr'>certe</span> <span class='ocrx_word' id='word_1_158' title='bbox 1392 1489 1521 1530; x_wconf 73' lang='lat' dir='ltr'>adeste</span> <span class='ocrx_word' id='word_1_159' title='bbox 1563 1501 1615 1537; x_wconf 82' lang='lat'>15</span> <span class='ocrx_word' id='word_1_160' title='bbox 1654 1489 1812 1529; x_wconf 69' lang='lat' dir='ltr'>Minus.</span> <span class='ocrx_word' id='word_1_161' title='bbox 1852 1490 2012 1542; x_wconf 78' lang='lat' dir='ltr'>primo-</span> 
     </span>
     <span class='ocr_line' id='line_1_21' title="bbox 532 1553 2012 1606; baseline 0 -12"><span class='ocrx_word' id='word_1_162' title='bbox 532 1570 644 1601; x_wconf 80' lang='lat' dir='ltr'>rum.</span> <span class='ocrx_word' id='word_1_163' title='bbox 711 1554 828 1595; x_wconf 88' lang='lat' dir='ltr'>Tum</span> <span class='ocrx_word' id='word_1_164' title='bbox 865 1567 971 1595; x_wconf 85' lang='lat' dir='ltr'>vero</span> <span class='ocrx_word' id='word_1_165' title='bbox 1007 1566 1084 1606; x_wconf 82' lang='lat' dir='ltr'>pro</span> <span class='ocrx_word' id='word_1_166' title='bbox 1121 1553 1412 1592; x_wconf 76' lang='lat' dir='ltr'>obseruatione</span> <span class='ocrx_word' id='word_1_167' title='bbox 1448 1555 1512 1593; x_wconf 87' lang='lat' dir='ltr'>die</span> <span class='ocrx_word' id='word_1_168' title='bbox 1549 1569 1579 1603; x_wconf 88' lang='lat'>4</span> <span class='ocrx_word' id='word_1_169' title='bbox 1605 1555 1765 1595; x_wconf 75' lang='lat' dir='ltr'>Ianuar.</span> <span class='ocrx_word' id='word_1_170' title='bbox 1804 1554 2012 1603; x_wconf 76' lang='lat' dir='ltr'>instituta,</span> 
     </span>
     <span class='ocr_line' id='line_1_22' title="bbox 535 1616 2013 1673; baseline -0.004 -11"><span class='ocrx_word' id='word_1_171' title='bbox 535 1622 578 1662; x_wconf 91' lang='lat' dir='ltr'>in</span> <span class='ocrx_word' id='word_1_172' title='bbox 616 1619 901 1673; x_wconf 86' lang='lat' dir='ltr'>Longitudine</span> <span class='ocrx_word' id='word_1_173' title='bbox 948 1631 1067 1658; x_wconf 86' lang='lat' dir='ltr'>error</span> <span class='ocrx_word' id='word_1_174' title='bbox 1112 1626 1223 1657; x_wconf 87' lang='lat' dir='ltr'>certe</span> <span class='ocrx_word' id='word_1_175' title='bbox 1262 1616 1484 1657; x_wconf 75' lang='lat' dir='ltr'>habebitur</span> <span class='ocrx_word' id='word_1_176' title='bbox 1523 1630 1578 1655; x_wconf 89' lang='lat'>20</span> <span class='ocrx_word' id='word_1_177' title='bbox 1619 1618 1890 1658; x_wconf 70' lang='lat' dir='ltr'>Minutori-un</span> <span class='ocrx_word' id='word_1_178' title='bbox 1929 1618 2013 1670; x_wconf 87' lang='lat' dir='ltr'>pri-</span> 
     </span>
     <span class='ocr_line' id='line_1_23' title="bbox 536 1668 2013 1738; baseline 0 -14"><span class='ocrx_word' id='word_1_179' title='bbox 536 1699 645 1728; x_wconf 86' lang='lat' dir='ltr'>mor.</span> <span class='ocrx_word' id='word_1_180' title='bbox 725 1682 841 1738; x_wconf 84' lang='lat' dir='ltr'>Quin</span> <span class='ocrx_word' id='word_1_181' title='bbox 896 1693 1034 1723; x_wconf 85' lang='lat' dir='ltr'>autem</span> <span class='ocrx_word' id='word_1_182' title='bbox 1089 1680 1332 1722; x_wconf 87' lang='lat' dir='ltr'>huiusmodi</span> <span class='ocrx_word' id='word_1_183' title='bbox 1387 1694 1551 1721; x_wconf 78' lang='lat' dir='ltr'>errores</span> <span class='ocrx_word' id='word_1_184' title='bbox 1606 1668 2013 1735; x_wconf 73' lang='lat' dir='ltr'>infignem&#39;habere</span> 
     </span>
     <span class='ocr_line' id='line_1_24' title="bbox 538 1744 2014 1806; baseline -0.004 -14"><span class='ocrx_word' id='word_1_185' title='bbox 538 1759 697 1806; x_wconf 76' lang='lat' dir='ltr'>queant</span> <span class='ocrx_word' id='word_1_186' title='bbox 732 1748 925 1790; x_wconf 55' lang='lat' dir='ltr'>effecium</span> <span class='ocrx_word' id='word_1_187' title='bbox 963 1748 1010 1787; x_wconf 83' lang='lat' dir='ltr'>ad</span> <span class='ocrx_word' id='word_1_188' title='bbox 1049 1756 1239 1787; x_wconf 82' lang='lat' dir='ltr'>naturam</span> <span class='ocrx_word' id='word_1_189' title='bbox 1275 1744 1436 1786; x_wconf 82' lang='lat' dir='ltr'>orbitae</span> <span class='ocrx_word' id='word_1_190' title='bbox 1475 1746 1810 1796; x_wconf 80' lang='lat' dir='ltr'>immutandam,</span> <span class='ocrx_word' id='word_1_191' title='bbox 1850 1759 1927 1800; x_wconf 83' lang='lat' dir='ltr'>pro</span> <span class='ocrx_word' id='word_1_192' title='bbox 1965 1746 2014 1787; x_wconf 93' lang='lat' dir='ltr'>il-</span> 
     </span>
     <span class='ocr_line' id='line_1_25' title="bbox 532 1809 2012 1867; baseline -0.004 -9"><span class='ocrx_word' id='word_1_193' title='bbox 532 1817 583 1858; x_wconf 83' lang='lat' dir='ltr'>lis</span> <span class='ocrx_word' id='word_1_194' title='bbox 619 1814 830 1867; x_wconf 89' lang='lat' dir='ltr'>imprimis</span> <span class='ocrx_word' id='word_1_195' title='bbox 868 1812 1053 1862; x_wconf 76' lang='lat' dir='ltr'>casibus,</span> <span class='ocrx_word' id='word_1_196' title='bbox 1089 1809 1158 1851; x_wconf 85' lang='lat' dir='ltr'>vbi</span> <span class='ocrx_word' id='word_1_197' title='bbox 1195 1811 1336 1864; x_wconf 84' lang='lat' dir='ltr'>portio</span> <span class='ocrx_word' id='word_1_198' title='bbox 1369 1810 1529 1850; x_wconf 74' lang='lat' dir='ltr'>orbitae</span> <span class='ocrx_word' id='word_1_199' title='bbox 1564 1826 1588 1851; x_wconf 82' lang='lat' dir='ltr'>a</span> <span class='ocrx_word' id='word_1_200' title='bbox 1610 1809 1792 1852; x_wconf 80' lang='lat' dir='ltr'>Cometa</span> <span class='ocrx_word' id='word_1_201' title='bbox 1830 1811 2012 1866; x_wconf 83' lang='lat' dir='ltr'>descrip-</span> 
     </span>
     <span class='ocr_line' id='line_1_26' title="bbox 537 1875 2013 1931; baseline -0.003 -9"><span class='ocrx_word' id='word_1_202' title='bbox 537 1892 602 1923; x_wconf 83' lang='lat' dir='ltr'>tae</span> <span class='ocrx_word' id='word_1_203' title='bbox 639 1879 762 1920; x_wconf 81' lang='lat' dir='ltr'>valde</span> <span class='ocrx_word' id='word_1_204' title='bbox 797 1878 925 1919; x_wconf 82' lang='lat' dir='ltr'>fuerit</span> <span class='ocrx_word' id='word_1_205' title='bbox 957 1877 1136 1931; x_wconf 81' lang='lat' dir='ltr'>exigua,</span> <span class='ocrx_word' id='word_1_206' title='bbox 1190 1875 1349 1917; x_wconf 83' lang='lat' dir='ltr'>nullum</span> <span class='ocrx_word' id='word_1_207' title='bbox 1388 1877 1551 1928; x_wconf 82' lang='lat' dir='ltr'>prorsus</span> <span class='ocrx_word' id='word_1_208' title='bbox 1588 1877 1644 1917; x_wconf 86' lang='lat' dir='ltr'>est</span> <span class='ocrx_word' id='word_1_209' title='bbox 1681 1877 1881 1927; x_wconf 80' lang='lat' dir='ltr'>dubium,</span> <span class='ocrx_word' id='word_1_210' title='bbox 1933 1888 2013 1931; x_wconf 90' lang='lat' dir='ltr'>pro</span> 
     </span>
     <span class='ocr_line' id='line_1_27' title="bbox 537 1940 2015 1996; baseline -0.004 -8"><span class='ocrx_word' id='word_1_211' title='bbox 537 1945 628 1988; x_wconf 81' lang='lat' dir='ltr'>casu</span> <span class='ocrx_word' id='word_1_212' title='bbox 667 1954 805 1985; x_wconf 83' lang='lat' dir='ltr'>autem</span> <span class='ocrx_word' id='word_1_213' title='bbox 846 1945 1050 1996; x_wconf 73' lang='lat' dir='ltr'>praeienti</span> <span class='ocrx_word' id='word_1_214' title='bbox 1085 1941 1229 1996; x_wconf 87' lang='lat' dir='ltr'>portio</span> <span class='ocrx_word' id='word_1_215' title='bbox 1269 1940 1431 1982; x_wconf 81' lang='lat' dir='ltr'>orbitae</span> <span class='ocrx_word' id='word_1_216' title='bbox 1475 1941 1584 1981; x_wconf 86' lang='lat' dir='ltr'>inter</span> <span class='ocrx_word' id='word_1_217' title='bbox 1630 1954 1677 1991; x_wconf 78' lang='grc' dir='ltr'>ις</span> <span class='ocrx_word' id='word_1_218' title='bbox 1718 1941 1934 1982; x_wconf 87' lang='lat' dir='ltr'>Nouemb.</span> <span class='ocrx_word' id='word_1_219' title='bbox 1972 1950 2015 1982; x_wconf 86' lang='lat' dir='ltr'>et</span> 
     </span>
     <span class='ocr_line' id='line_1_28' title="bbox 536 2005 2014 2062; baseline -0.003 -12"><span class='ocrx_word' id='word_1_220' title='bbox 536 2025 569 2062; x_wconf 87' lang='lat'>4</span> <span class='ocrx_word' id='word_1_221' title='bbox 604 2009 764 2050; x_wconf 80' lang='lat' dir='ltr'>Ianuar.</span> <span class='ocrx_word' id='word_1_222' title='bbox 803 2009 1055 2062; x_wconf 79' lang='lat' dir='ltr'>descriptae,</span> <span class='ocrx_word' id='word_1_223' title='bbox 1107 2019 1159 2047; x_wconf 88' lang='lat' dir='ltr'>ne</span> <span class='ocrx_word' id='word_1_224' title='bbox 1196 2006 1351 2060; x_wconf 79' lang='lat' dir='ltr'>angulo</span> <span class='ocrx_word' id='word_1_225' title='bbox 1401 2006 1571 2060; x_wconf 87' lang='lat' dir='ltr'>quidem</span> <span class='ocrx_word' id='word_1_226' title='bbox 1611 2010 1687 2054; x_wconf 82' lang='lat'>30⁰</span> <span class='ocrx_word' id='word_1_227' title='bbox 1721 2008 1833 2048; x_wconf 78' lang='lat' dir='ltr'>circa</span> <span class='ocrx_word' id='word_1_228' title='bbox 1866 2005 2014 2046; x_wconf 89' lang='lat' dir='ltr'>Solem</span> 
     </span>
     <span class='ocr_line' id='line_1_29' title="bbox 538 2069 2016 2129; baseline -0.005 -11"><span class='ocrx_word' id='word_1_229' title='bbox 538 2075 750 2129; x_wconf 88' lang='lat' dir='ltr'>descripto</span> <span class='ocrx_word' id='word_1_230' title='bbox 800 2072 1088 2129; x_wconf 80' lang='lat' dir='ltr'>respondebat.</span> <span class='ocrx_word' id='word_1_231' title='bbox 1174 2070 1366 2113; x_wconf 81' lang='lat' dir='ltr'>Eandem</span> <span class='ocrx_word' id='word_1_232' title='bbox 1418 2083 1520 2113; x_wconf 88' lang='lat' dir='ltr'>vero</span> <span class='ocrx_word' id='word_1_233' title='bbox 1554 2071 1609 2111; x_wconf 92' lang='lat' dir='ltr'>ob</span> <span class='ocrx_word' id='word_1_234' title='bbox 1657 2073 1863 2113; x_wconf 77' lang='lat' dir='ltr'>rationem</span> <span class='ocrx_word' id='word_1_235' title='bbox 1918 2069 2016 2111; x_wconf 89' lang='lat' dir='ltr'>Ele-</span> 
     </span>
     <span class='ocr_line' id='line_1_30' title="bbox 540 2134 2012 2199; baseline -0.005 -16"><span class='ocrx_word' id='word_1_236' title='bbox 540 2149 704 2199; x_wconf 22' lang='lat' dir='ltr'>menta*</span> <span class='ocrx_word' id='word_1_237' title='bbox 732 2152 812 2197; x_wconf 85' lang='lat' dir='ltr'>pro</span> <span class='ocrx_word' id='word_1_238' title='bbox 848 2139 986 2181; x_wconf 77' lang='lat' dir='ltr'>orbita</span> <span class='ocrx_word' id='word_1_239' title='bbox 1039 2134 1249 2180; x_wconf 78' lang='lat' dir='ltr'>Cometae</span> <span class='ocrx_word' id='word_1_240' title='bbox 1300 2148 1354 2178; x_wconf 83' lang='lat' dir='ltr'>ex</span> <span class='ocrx_word' id='word_1_241' title='bbox 1406 2135 1763 2180; x_wconf 78' lang='lat' dir='ltr'>obseruationibus</span> <span class='ocrx_word' id='word_1_242' title='bbox 1814 2136 1917 2178; x_wconf 82' lang='lat' dir='ltr'>dier.</span> <span class='ocrx_word' id='word_1_243' title='bbox 1959 2147 2012 2191; x_wconf 66' lang='lat'>15</span> 
     </span>
    </p>

    <p class='ocr_par' dir='ltr' id='par_1_6' title="bbox 1900 2199 2018 2244">
     <span class='ocr_line' id='line_1_31' title="bbox 1900 2199 2018 2244; baseline -0.025 0"><span class='ocrx_word' id='word_1_244' title='bbox 1900 2199 2018 2244; x_wconf 86' lang='lat' dir='ltr'>Nou.</span> 
     </span>
    </p>
   </div>
  </div>
 </body>
</html>
