2209 2712
1031 185 1146 236 »aa
1210 179 1227 238 )
1389 180 1406 239 (
1471 181 1585 233 ee«-

573 311 617 345 at
651 301 731 343 hoc
768 309 997 353 organum,
1049 297 1186 353 quod,
1241 307 1399 350 quanto
1434 295 1523 337 vsui
1579 294 1741 347 minus,
1799 297 1943 340 multis
1978 300 2044 342 in-

573 364 806 410 commodis
844 373 886 405 et
920 362 1043 404 noxis
1094 362 1319 403 inferendis
1372 371 1491 403 tanto
1547 362 1675 415 magis
1719 361 1920 405 idoneum
1960 368 2039 407 effe

572 432 765 480 videtur,
815 429 893 469 fiue
927 426 1008 467 hoc
1043 426 1245 480 posterius
1282 435 1424 466 autem
1461 425 1544 466 siue
1582 427 1695 479 prius
1733 426 1901 480 credas,
1956 430 2041 470 fiue

573 496 703 537 alium
733 504 902 546 quoque
934 500 1125 530 naturam
1160 489 1287 530 finem
1324 489 1474 531 habere
1512 489 1724 531 arbitreris
1763 491 1883 532 nobis
1919 494 2042 546 igno·

574 570 690 609 tum,
725 558 807 598 hoc
844 565 1009 596 certum
1045 563 1186 594 tamen
1224 553 1387 613 semper
1423 554 1527 596 eritz
1570 556 1814 598 struc‘turam
1852 557 1928 599 effe
1963 559 2044 599 ime

575 623 803 681 perfectam
839 629 961 675 atque
998 617 1207 661 inutilem„

765 755 985 810 Denique,
1023 754 1072 796 ad
1108 766 1256 809 corpus
1294 753 1527 795 humanum
1565 761 1612 794 vt
1647 754 1890 803 redeamus,
1920 765 2044 808 quam

576 820 699 862 toties
727 820 981 875 inquifiuere
1019 820 1243 862 anatomici
1278 819 1517 872 glandulam
1555 818 1871 870 thyreoideam‚
1908 819 2045 858 cuius-

578 897 658 937 que
701 894 751 925 vt
801 883 918 926 vsum
956 885 1177 937 detegant,
1217 885 1338 925 toties
1374 883 1615 937 exsculpere
1652 884 1793 924 conati
1829 884 1920 922 sunt
1954 882 2041 922 fru-

577 948 656 989 stra
690 950 861 990 duflum
897 949 1210 997 excretorium‚
1247 947 1358 1000 quasi
1393 949 1431 988 id
1467 948 1638 1001 quidem.
1674 946 1766 987 fieri
1803 945 1919 986 nullo
1956 958 2051 986 mo-

577 1012 634 1053 do
668 1015 822 1068 posset,
857 1022 904 1053 vt
936 1012 1033 1061 vsu,
1071 1021 1143 1053 aut
1178 1012 1303 1052 etiam
1340 1012 1489 1061 dudm,
1526 1012 1629 1052 haec
1666 1011 1861 1065 glandula
1897 1018 2048 1058 careat,

578 1091 673 1118 eam
709 1079 758 1117 ad
795 1076 1037 1116 huiusmodi
1074 1084 1210 1128 partes
1246 1077 1455 1128 pertinere
1491 1075 1685 1123 inutiles,
1730 1084 1801 1115 aut
1837 1086 1940 1126 quae
1975 1074 2049 1114 vsu

579 1152 685 1181 vero
719 1150 884 1189 carent,
938 1151 1023 1178 non
1061 1140 1218 1191 pariter
1253 1138 1358 1185 fine,
1414 1138 1549 1179 nullus
1603 1137 1762 1178 dubito.
1846 1137 1938 1191 Ipsa
1983 1138 2053 1178 res'

578 1203 699 1245 facile
732 1203 1000 1246 demonstrat.
1070 1199 1277 1244 Glandula
1314 1203 1367 1244 est
1404 1214 1503 1243 vera
1539 1201 1882 1255 conglomerata,
1929 1202 2051 1255 glan-

580 1269 775 1311 dularum
811 1280 929 1309 more
964 1267 1132 1309 istarum
1170 1266 1347 1316 structa,
1400 1278 1526 1320 quam
1563 1268 1718 1321 pariter
1751 1266 1844 1306 vasa
1895 1267 2053 1308 adeunt

583 1348 737 1390 magna
772 1333 991 1381 arteriofa‚
1038 1343 1227 1386 quaeque
1264 1332 1418 1372 venosa
1455 1331 1605 1372 reddit.
1692 1329 1882 1372 Fluidum
1935 1332 2055 1373 deni-

582 1413 664 1453 que
715 1397 848 1452 ipsum
886 1399 1088 1437 secretum
1148 1406 1451 1447 nonnunquam
1487 1397 1529 1434 in
1567 1394 1771 1436 cellulofis
1823 1395 2055 1436 interstitiis

581 1463 803 1517 reperitur.
885 1460 946 1500 At
980 1458 1141 1505 dudum,
1199 1470 1284 1510 quo
1320 1458 1360 1497 id
1398 1457 1602 1497 secretum
1655 1459 1823 1510 colligi,
1875 1468 1916 1499 et
1952 1460 2057 1512 quin·

582 1528 722 1569 denuo
757 1524 996 1565 absorbtum
1031 1523 1074 1562 in
1113 1521 1316 1561 venosum
1358 1523 1537 1562 transeat
1589 1521 1857 1572 sanguinem,
1913 1525 2058 1564 caueri

583 1600 731 1646 queat,
783 1588 918 1629 nullus
973 1585 1128 1628 existit.
1215 1585 1331 1627 Tota
1367 1598 1467 1639 ergo
1504 1583 1701 1638 glandula
1737 1584 2057 1636 conglomerata

581 1668 667 1697 vna
701 1667 798 1708 cum
833 1654 912 1693 luis
947 1649 1154 1694 arteriofis
1192 1659 1235 1690 et
1270 1650 1431 1690 venofis
1469 1648 1568 1689 vafis
1605 1648 1714 1689 haud
1753 1648 1889 1689 minus
1927 1650 2060 1691 inuti-

584 1720 762 1773 lis³pars
799 1717 883 1766 est,
936 1716 1135 1757 ate-testes
1177 1727 1276 1756 cum
1314 1713 1502 1754 ductibus
1540 1711 1816 1753 deferentibus
1852 1714 1895 1753 in
1933 1726 2056 1755 mon-

586 1783 670 1825 stro
719 1782 793 1823 illo
837 1780 1172 1830 Duuerneiano,
1225 1790 1329 1831 quae
1383 1778 1494 1818 miro
1547 1776 1725 1818 artifieio
1775 1777 1978 1818 secretum
2016 1789 2058 1820 et

587 1846 820 1902 perfectum
855 1847 994 1886 semen
1030 1843 1153 1885 virile
1189 1843 1234 1883 in
1276 1841 1460 1885 cloacam
1498 1840 1744 1883 reficiebant
1779 1853 2060 1884 communem-

589 1923 672 1954 vna
707 1923 804 1954 cum
839 1908 1019 1952 faecibus
1054 1906 1217 1950 aluinis.

780 2034 900 2078 Idem
954 2033 1006 2075 de
1055 2030 1210 2083 thymo
1261 2026 1449 2082 glandula
1483 2027 1525 2068 in
1561 2026 1699 2074 foetu,
1753 2024 1951 2076 idemque
2001 2021 2060 2064 de:

593 2103 767 2157 capsulis
822 2099 1026 2141 renalibus
1059 2095 1142 2136 dici
1177 2094 1332 2149 potest,
1383 2104 1482 2145 quas
1529 2101 1650 2133 tanto
1683 2101 1812 2142 opere
1846 2087 2062 2128 Duvernob

594 2167 698 2209 olim
733 2166 776 2204 in
812 2160 1145 2206 Commentariis
1182 2158 1331 2200 nostris
1367 2156 1606 2208 veteribus,
1656 2164 1842 2207 quasque
1888 2151 1956 2191 alii
1991 2151 2060 2190 in,-

593 2229 865 2286 quifiuetunt.
951 2225 1171 2282 Inquirant
1216 2222 1309 2266 sane
1347 2229 1389 2263 et
1424 2221 1492 2263 alii
1542 2230 1695 2276 porro3
1746 2227 1964 2270 nunquam
2000 2223 2062 2256 ta-

1966 2289 2067 2321 men
