2209 2712
1100 175 1212 225 ee
1276 168 1292 227 >
1330 186 1352 212 2
1367 175 1424 215 8⁶
1458 169 1475 227 t
1537 170 1651 220 ee«-

648 290 701 333 rii
736 287 886 330 solutio
939 299 1031 327 cum
1087 284 1326 337 phlegmate
1369 284 1523 336 pariter
1565 281 1776 333 turbatur,
1831 291 1873 323 et
1904 283 2098 337 postridie

624 353 969 409 praecipitatum
1007 348 1174 389 exhibet
1210 347 1444 388 flavescens.

826 475 981 518 Oleum
1005 476 1165 516 seorsim
1201 474 1419 514 comestum
1449 474 1578 514 odore
1606 476 1980 526 empyreutnatico3
2008 475 2101 515 'imo

647 539 766 580 etiam
808 540 972 580 urinoso
1008 540 1244 591 insignitur-3
1280 551 1301 577 e
1329 538 1466 590 phiala
1501 550 1584 577 non
1617 537 1806 578 obturata
1840 539 1976 579 euolat
2014 539 2100 578 uri-

646 606 792 643 nosum
829 603 953 650 iliud,
988 614 1029 641 et
1064 602 1201 642 oleum
1239 601 1478 654 {impliciter
1512 613 1784 653 empyreuma
1821 602 1953 654 spirat.
1997 600 2099 641 Non

646 679 774 705 omne
810 679 885 719 per
929 666 1244 706 destillationem
1296 665 1488 717 prodiisse
1543 665 1708 711 oleum,
1759 665 1884 704 etiam
1940 673 2099 718 praeter

645 728 745 768 iilud
797 730 907 782 quod
957 740 1133 771 retortae
1184 727 1295 768 coilo
1348 727 1611 776 inhaerebat,
1664 726 1813 768 residui
1866 728 2099 768 inflamatio

647 790 815 846 probat.

833 917 1066 971 Vtiiusque
1119 917 1398 959 destinationis
1449 918 1643 971 ressduum
1693 917 1949 959 carbonacea
2011 925 2099 957 erat

646 982 842 1032 materia,
878 982 1002 1029 leuis,
1040 983 1178 1033 nigra,
1215 983 1296 1022 fere
1331 983 1529 1029 inodora,
1567 982 1799 1022 Lichenum
1847 982 1999 1020 formas
2036 992 2100 1019 re·-

645 1047 796 1088 ferens
860 1045 906 1084 In
945 1045 1158 1085 crucibulo
1210 1046 1356 1083 leviter
1409 1044 1574 1084 obtee‘io
1610 1046 1860 1086 calcinatum
1898 1044 1965 1082 diu
2004 1054 2101 1082 cum

651 1107 822 1148 flamma
875 1107 994 1154 arsit,
1047 1116 1089 1146 et
1139 1107 1179 1145 in
1232 1108 1394 1146 cineres
1445 1111 1606 1156 nigros,
1660 1108 1771 1158 quasi
1823 1106 2100 1145 carbonaceos

650 1170 918 1219 vertebatur,
969 1170 1084 1209 cuius
1121 1182 1142 1208 a
1177 1169 1328 1221 prioris
1383 1168 1664 1209 destinationis
1719 1168 1879 1209 residuo
1931 1171 2099 1217 (uncias

650 1234 800 1286 septem
838 1245 933 1272 cum
970 1232 1178 1273 drachmis
1213 1233 1395 1285 quinque
1433 1229 1660 1284 pendente),
1686 1233 1806 1273 uncia
1840 1243 1880 1272 et
1904 1222 2101 1284 'qu-inque

648 1295 867 1336 drachmae
904 1295 992 1347 post
1029 1296 1347 1335 calcinationem
1403 1295 1705 1347 superfuerunt.
1787 1297 1856 1337 Ex
1901 1295 1987 1343 his,
2038 1295 2101 1334 lo-

649 1360 764 1399 tione
801 1358 982 1413 pulveris
1019 1359 1212 1408 quai-tsofi
1258 1358 1340 1398 fere
1377 1369 1556 1410 quatuor
1608 1359 1786 1412 scrupuli
1840 1359 2100 1408 secesserunt,

649 1422 722 1474 qui
757 1421 1010 1462 Lichenibus
1047 1421 1095 1459 ab
1132 1434 1250 1462 arena
1286 1421 1448 1462 volatili
1484 1422 1696 1463 adhaefiffe
1731 1422 1908 1463 videtur.

839 1542 973 1582 Lotos
1008 1539 1088 1581 hoc
1124 1541 1252 1581 modo
1288 1543 1443 1584 cineres
1478 1545 1617 1584 denuo
1653 1558 1725 1597 per
1761 1546 1973 1587 bihorium
2007 1546 2103 1598 igne

652 1605 775 1656 torfi;
810 1613 852 1644 et
886 1604 937 1644 fic
973 1613 1136 1652 tamen,
1172 1605 1268 1644 licet
1304 1618 1359 1645 ex
1394 1617 1507 1658 parte
1543 1607 1838 1648 albescentibus
1873 1609 2100 1661 particulis,

652 1669 859 1709 immixtis
896 1677 1033 1706 tamen
1072 1668 1224 1719 nigris,
1261 1670 1331 1720 qui
1369 1672 1551 1708 nondum
1588 1682 1714 1711 omne
1758 1671 1990 1723 phlogiston
2025 1684 2104 1712 ex-

655 1741 824 1784 verant‚
877 1730 1171 1778 cinerascebat‚
1223 1739 1264 1770 et
1308 1734 1465 1784 pondus
1501 1733 1569 1772 sex
1604 1746 1698 1773 cum
1735 1735 1906 1774 dimidia
1952 1734 2103 1775 drach-

658 1807 822 1835 marum
860 1793 1063 1833 exhibuit.
1133 1793 1187 1833 Hi
1224 1796 1387 1834 tandem
1425 1798 1581 1835 cineres
1620 1809 1721 1843 aqua
1756 1797 1880 1838 abluti
1914 1807 1956 1837 et
1988 1797 2102 1838 filtro

656 1857 853 1910 separati,
911 1868 968 1896 ex
999 1857 1147 1896 eadem
1187 1871 1291 1908 aqua
1328 1859 1625 1911 evaporatione
1666 1860 1941 1913 praebuerunt
1975 1873 2102 1914 grana

660 1919 963 1973 quinquaginta
997 1920 1180 1972 quinque
1215 1919 1351 1961 Alcali
1387 1922 1649 1974 vegetabilis,
1687 1925 1751 1965 sed
1786 1924 1941 1966 nullum
1977 1924 2103 1969 alieni

658 1983 1023 2037 salismestigiu-m3
1059 1984 1214 2037 ipsique
1251 1998 1344 2026 cum
1380 1986 1504 2026 acidis
1538 1996 1736 2039 prompte
1772 1986 2102 2028 effervescebant.

695 2169 704 2179 ·
846 2111 911 2154 Vt
943 2122 1117 2156 terreum
1172 2116 1421 2169 principium
1469 2113 1700 2156 Lichenum
1737 2123 1881 2163 aperto
1913 2114 2007 2167 igne
2038 2114 2104 2156 in·

664 2180 944 2217 emeratorum
979 2179 1293 2231 examinarem,
1327 2179 1535 2221 sexdecim
1563 2179 1701 2221 uncias
1723 2177 1973 2219 ficcatorum
2008 2189 2106 2219 can-

1970 2242 2105 2285 den-ti
