2209 2712
1009 135 1125 187 ”²65ss
1191 130 1387 191 )230(
1451 131 1567 183 2323<-

556 262 652 292 cum
690 260 791 300 aqua
827 246 1182 301 miscere-poffit3
1216 259 1427 302 quamque
1464 257 1548 286 non
1583 243 1742 300 hepatis
1777 245 1867 287 solo
1900 260 2024 303 opere

555 316 624 356 sed
662 313 861 355 vesiculae
913 312 1123 368 imprimis
1177 310 1324 353 effe&u
1377 310 1613 364 praeparari
1647 320 1690 351 et
1726 312 1868 364 perfici
1920 314 2027 355 arbi-

557 389 675 431 tror-3
726 390 810 419 non
861 378 1184 420 hei-biuororum
1220 374 1466 416 animalium
1518 373 1674 423 bilem,
1728 389 1833 429 quae
1876 377 2026 421 diuersi

554 443 717 498 generis
755 443 846 483 bilis
884 441 962 491 est,
1001 453 1075 482 nec
1112 439 1280 481 succum
1318 440 1520 492 cysticum
1558 442 1599 479 in
1636 439 1775 489 foetu,
1825 442 1897 493 qui
1934 442 2026 484 bilis

561 508 719 550 virtute
750 517 889 555 caret,
927 518 1002 546 nec
1038 504 1263 545 hominum
1300 505 1566 560 ¹quorundam
1604 505 1837 547 calidorum
1874 505 2026 558 bilem,

556 585 663 626 quae
715 570 924 613 rariffimis
961 569 1071 611 forte
1106 569 1315 626 exemplis
1367 578 1634 625 praematura
1668 581 1726 611 ex
1757 569 1907 625 hepate
1941 572 2026 614 iam

555 637 711 693 prodit.

895 727 974 778 De
1005 722 1371 777 Secretionibus
1405 725 1691 791 generatim.

748 825 982 872 Caeterum
1021 829 1104 871 hoc
1142 830 1216 871 soli
1251 829 1344 870 bilis
1379 831 1688 885 praeparationi
1714 829 1935 884 proprium
1952 826 2033 870 effe

563 894 758 942 videtur,
794 905 841 936 vt
875 895 1031 935 diuersa
1067 895 1295 948 principia.
1333 906 1388 934 ex
1421 896 1591 936 diuersis
1627 894 1854 935 visceribus
1889 894 2033 947 petita,

562 960 815 1001 misceant-ur
850 958 1013 1003 deinde,
1050 968 1092 997 et
1128 959 1327 998 vniantur
1361 959 1403 998 in
1440 972 1597 1000 nouam
1636 959 1872 999 materie-m.
1907 956 2034 1011 Quae

561 1023 723 1075 reliqua
757 1022 885 1063 fluida
918 1021 1143 1077 peculiaria
1178 1035 1232 1063 ex
1268 1022 1460 1075 sanguine
1493 1023 1741 1073 nascuntur,
1791 1017 2037 1075 simpliciori

561 1086 695 1127 modo
728 1095 773 1124 et
808 1085 921 1126 sensu
957 1086 1113 1125 veriori
1165 1087 1324 1125 secerni
1360 1087 1456 1126 inde
1494 1087 1705 1126 videntur.
1788 1085 1870 1126 Sua
1918 1093 2039 1124 natu-

560 1162 609 1192 ra
644 1148 910 1201 sanguinem,
944 1149 1046 1188 dum
1085 1160 1162 1201 per
1198 1150 1291 1188 vasa
1326 1150 1490 1200 agitur,
1528 1159 1569 1189 et
1605 1149 1689 1201 ipsa
1725 1148 1838 1202 quasi
1874 1147 2039 1202 sangui-

559 1212 758 1255 ficatione
809 1213 981 1261 eadem,
1032 1225 1118 1265 qua
1172 1213 1533 1266 componebatur,
1586 1215 1856 1262 continuata,
1905 1213 2037 1253 etiam

561 1276 724 1321 rursum
761 1276 941 1329 denique
977 1275 1161 1326 dissolui,
1199 1276 1421 1317 verisimile
1455 1277 1536 1326 est,
1571 1277 1613 1318 in
1650 1277 1723 1319 has
1761 1278 1848 1318 snas
1885 1288 2037 1331 partes,

563 1353 622 1383 ex
653 1339 804 1394 quibus
839 1341 1020 1390 constat,
1069 1350 1109 1380 et
1155 1354 1256 1392 quas
1290 1354 1345 1382 ex
1381 1342 1598 1383 communi
1653 1341 1860 1396 sanguinis
1913 1341 2040 1382 maiia

565 1405 794 1461 prouenire
842 1404 1050 1444 videmus.
1137 1403 1254 1443 Tum
1293 1416 1419 1452 vero,
1472 1419 1748 1460 quaecunque
1781 1407 1861 1447 hae
1898 1415 2039 1460 partes

565 1468 646 1512 fint
681 1467 888 1521 sanguinis
924 1467 1118 1516 reioluti,
1172 1476 1241 1507 aut
1295 1467 1532 1507 secedentes
1567 1482 1621 1508 ex
1658 1483 1736 1517 eo,
1779 1472 1871 1511 sero
1906 1468 2042 1511 conti-

567 1544 656 1574 nuo
690 1532 1020 1573 committuntur
1054 1532 1176 1584 eique
1213 1528 1458 1577 inhaerent,
1510 1544 1587 1572 nec
1625 1532 1698 1573 nisi
1735 1545 1818 1572 vna
1856 1546 1952 1573 cum
1987 1543 2041 1571 eo

567 1597 610 1638 in
647 1596 814 1651 organis
851 1594 1083 1636 secretoriis
1121 1609 1144 1635 a
1179 1595 1374 1647 sanguine
1413 1595 1718 1636 abstaahuntur.
1805 1593 1870 1636 Vt
1903 1595 2043 1636 diuer-

567 1661 658 1703 sum
709 1661 891 1701 omnino
941 1659 1149 1713 paulisper
1183 1658 1223 1700 in
1261 1657 1427 1699 diuersis
1460 1663 1650 1715 corporis
1710 1660 1948 1714 regionibus
1983 1658 2042 1698 se-

567 1737 664 1766 rum
701 1723 773 1772 fit,
807 1724 917 1777 quod
954 1736 1051 1764 cum
1089 1724 1285 1776 sanguine
1330 1722 1521 1775 vehitur,
1574 1725 1772 1777 quodque
1806 1726 1848 1764 in
1883 1733 2042 1779 organa

569 1788 849 1832 introducitur
886 1787 1104 1828 secretoria
1203 1787 1427 1839 Reliquum
1481 1790 1664 1841 negotii,
1716 1788 1790 1829 nifi
1824 1789 1868 1830 in
1904 1787 2045 1830 omni-

569 1851 671 1904 bus,
708 1853 750 1893 in
787 1846 1035 1904 quibusdam
1077 1861 1243 1901 tamen,
1282 1849 1607 1905 secretionibus,
1657 1862 1728 1893 aut
1762 1866 1814 1894 eo
1857 1861 2046 1907 recepta·-

571 1918 671 1958 culo
707 1914 818 1958 effici
856 1916 960 1957 mihi
998 1915 1188 1962 videtur,
1243 1916 1283 1955 in
1320 1928 1404 1967 quo
1441 1915 1644 1957 secretum
1700 1917 1874 1958 fluidum
1916 1915 2048 1958 colle-

575 1982 689 2022 &um
728 1992 945 2026 moratur,
991 1989 1062 2020 aut
1099 1980 1190 2032 ipso
1224 1979 1511 2021 huiuscemodi
1567 1981 1815 2035 receptaculi
1864 1979 2046 2021 defeetu.

575 2044 647 2086 bic
681 2045 819 2086 wuito
857 2058 994 2088 minus
1030 2058 1054 2084 a
1091 2044 1239 2084 sudore
1273 2044 1438 2085 Vrinam
1491 2045 1658 2086 differre
1715 2043 1931 2098 probabile
1964 2042 2050 2092 est,

576 2106 781 2155 siquidem
820 2110 999 2150 omnino
1034 2107 1198 2156 differt,
1233 2122 1340 2162 quae
1377 2121 1431 2150 ex
1464 2110 1628 2150 renibus
1663 2108 1713 2147 ad
1749 2107 1926 2150 veficam
1959 2100 2048 2147 vri-

577 2172 741 2214 nariam
791 2175 999 2229 delemur,
1046 2187 1177 2229 quam
1214 2186 1321 2228 quae
1354 2173 1426 2216 niu
1459 2176 1503 2216 in
1539 2172 1620 2216 hac
1652 2181 1821 2216 morata
1855 2182 1941 2216 tum
1974 2171 2048 2212 de·

1925 2245 2047 2278 mum
