2209 2712
1025 159 1138 208 ἵετε
1204 151 1220 212 )
1258 154 1401 213 356(
1466 154 1582 206 ἓῑ-σεο

561 280 754 324 tempore
777 269 964 312 Perihelii
1000 269 1209 311 resultabit
1248 268 1427 311 mutatio
1464 282 1661 323 0,2312,
1698 268 1737 310 id
1774 268 1829 310 est
1869 263 1925 319 5'2.
1951 267 2036 320 32'.

560 334 606 376 Si
659 335 884 377 Elementa
937 336 1074 388 prima
1124 349 1221 377 cnm
1277 336 1461 377 secundis
1517 336 1820 385 conterantur,
1875 336 2035 388 patebit

560 410 767 453 quantum
806 400 1001 442 effeetum
1040 402 1218 440 variatio
1254 401 1374 441 vnius
1410 400 1569 440 Minuti
1606 402 1761 454 primi,
1798 401 1838 440 in
1878 401 2036 454 Long'v

564 465 709 505 tudine
752 462 958 506 Cometae
1003 463 1072 504 die
1118 479 1174 516 14
1209 464 1414 506 Decemb.
1471 465 1706 516 obseruata,
1760 465 1908 505 habeat
1962 479 2040 518 pro

562 529 773 571 mutandis
826 529 1058 570 Elementis
1112 527 1354 580 Cometae,
1414 530 1570 572 scilicet
1623 531 1864 584 Longitudo
1922 529 2041 570 Nodi

566 589 615 634 ι’.
651 590 736 644 45¹¹
781 594 1038 641 mutabitur,
1088 595 1307 636 inclinatio
1362 595 1520 635 orbitae
1580 594 1626 635 1¹.
1669 591 1772 645 50“,
1827 595 2041 648 elongatio

561 657 751 700 Perzhelz’i
785 673 807 698 a
842 657 972 698 Nodo
1009 658 1059 709 4¹.
1100 655 1195 709 47‘&
1264 658 1400 700 Valor
1437 660 1767 715 semiparametri
1806 662 2040 713 quantitate

561 734 851 773 0‚oo49479
890 724 1142 774 variabitur,
1180 733 1220 763 et
1271 726 1445 777 denique
1489 738 1566 777 pro
1603 736 1796 778 tempore
1851 723 2042 765 Perihelii

560 787 782 828 habebitur
839 789 1025 828 mutatio
1063 793 1276 838 0,0356‚
1331 789 1372 829 id
1421 789 1474 828 el't
1515 786 1585 836 51¹
1621 791 1801 828 circiter.
1885 790 1973 827 Iam
2012 789 2041 830 fi

560 865 730 906 quoque
775 852 998 893 Elementa
1037 855 1172 895 nostra
1208 854 1328 894 tertia
1376 866 1473 894 cum
1529 850 1688 892 vltimis
1745 851 2044 904 conferantur,

561 917 635 956 vbi
673 916 916 969 principalis
973 920 1146 958 variatio
1183 931 1237 957 ex
1274 931 1414 957 errore
1452 919 1493 955 in
1531 916 1824 956 obseruatione
1862 917 1943 956 diei
1989 930 2039 966 ¹3

561 978 740 1021 Octobr.
789 982 1042 1030 committo,
1101 981 1341 1022 resultabit:
1411 980 1599 1020 Primum
1638 994 1718 1033 pro
1756 981 2046 1033 Longitudiue

562 1045 682 1087 Nodi
717 1045 894 1084 variatio
934 1046 992 1084 est
1031 1058 1052 1093 5
1092 1046 1176 1089 fere
1213 1045 1372 1085 Minut.
1412 1050 1596 1097 piimor,
1654 1059 1730 1098 pro
1768 1045 2042 1085 inclinatione

560 1110 724 1150 orbitae
763 1120 786 1157 3
823 1106 982 1148 Minut.
1020 1110 1173 1162 prim,
1209 1119 1250 1148 et
1285 1121 1363 1162 pro
1401 1109 1667 1162 elongatione
1703 1109 1836 1150 Perih.
1859 1126 1879 1151 a
1915 1109 2044 1150 Nodo

562 1187 590 1226 7
613 1174 771 1215 Minut.
811 1172 858 1213 In
878 1172 1018 1215 valore
1039 1173 1374 1227 semiparametri
1395 1175 1474 1214 erit
1495 1175 1672 1215 variatio
1695 1190 1746 1215 z
1769 1183 2039 1225 0,0070'858
2074 1166 2077 1168 ¹

563 1249 606 1281 et
659 1251 736 1294 pro
791 1248 984 1292 tempore
1030 1238 1215 1280 Perihelii
1268 1231 1478 1289 0‚11'20‚
1531 1240 1612 1281 hoc
1656 1240 1712 1280 est
1770 1252 1792 1278 2
1833 1240 1923 1280 hor.
1960 1239 2044 1291 41‘.

565 1303 775 1360 Quamuis
813 1313 959 1345 autem
997 1316 1051 1344 ex
1086 1303 1151 1344 his
1187 1304 1572 1357 comparationibus
1625 1317 1710 1345 non
1760 1305 1936 1358 praecise
1973 1307 2046 1346 de-

564 1369 785 1410 terminari
822 1377 969 1422 queat,
1018 1381 1222 1422 quantum
1260 1368 1513 1423 singularum
1550 1369 1888 1412 obseruationum
1929 1382 2046 1410 erro-

564 1447 629 1475 res
665 1435 747 1474 fiue
783 1434 825 1472 in
865 1432 1151 1485 Longitudine
1187 1433 1269 1475 fine
1305 1435 1347 1475 in
1385 1434 1629 1475 Latitudine
1666 1434 1899 1486 commisii,
1954 1434 2046 1476 effi-

566 1499 679 1539 ciant
716 1497 765 1537 ad
804 1497 999 1539 mutanda
1045 1498 1270 1540 Elementa
1326 1497 1555 1550 Cometae3
1609 1511 1748 1541 tamen
1787 1513 1865 1553 pro
1902 1500 2042 1540 nostro

565 1563 757 1604 instituto
793 1561 966 1610 sufficit,
1017 1564 1131 1614 quod
1170 1565 1263 1603 inde
1299 1562 1407 1602 haud
1446 1565 1619 1605 obscure
1665 1566 1839 1606 iudicari
1896 1574 2047 1618 queat,

566 1628 619 1668 de
658 1626 910 1679 praecisione
964 1627 1114 1667 nostris
1167 1627 1401 1668 Elementis
1439 1628 1669 1668 tribuenda.
1741 1629 1849 1667 Hinc
1900 1631 2045 1680 igitur,

568 1692 670 1746 quia
723 1703 887 1731 errores
925 1691 966 1730 in
1013 1691 1372 1732 obseruationibus
1428 1691 1573 1731 Mense
1634 1691 1792 1745 Aprilis
1849 1693 2043 1733 institutis

568 1755 776 1798 commiffi
815 1755 934 1797 valde
988 1769 1134 1809 parum
1187 1766 1370 1803 mutant,
1422 1756 1464 1794 in
1504 1755 1708 1809 pofitione
1747 1757 2043 1809 longitudinis

569 1822 688 1864 Nodi
724 1831 764 1861 et
803 1821 1090 1861 inclinationis
1145 1823 1334 1872 orbitae3
1387 1820 1437 1861 de
1490 1821 1845 1862 obseruationibus
1900 1831 2042 1862 autem

569 1888 639 1928 die
682 1897 735 1926 12
758 1882 932 1926 Octobr.
970 1895 1013 1926 et
1056 1885 1338 1936 14Decemb.
1373 1886 1654 1927 verifimiliter
1687 1887 1890 1939 colligere
1926 1887 2044 1936 licet,

571 1952 685 2006 quod
738 1951 1005 2003 grauioribus
1058 1952 1269 1992 erroribus
1334 1963 1417 1990 non
1470 1953 1548 1994 effe
1602 1963 1756 2003 queant
1808 1952 2044 2000 obnoxiae,

571 2016 802 2069 generatim
856 2015 1107 2056 concludere
1143 2018 1379 2069 possumus:
1431 2016 1590 2057 valores
1630 2028 1706 2069 pro
1760 2016 2045 2068 Longitudine

573 2079 689 2121 Nodi
725 2090 766 2121 et
802 2080 1072 2123 inclinatione
1124 2080 1283 2122 orbitae
1320 2081 1362 2120 in
1400 2080 1629 2124 Elementis
1685 2080 1831 2120 nosti-is
1887 2080 2045 2120 vltimis

574 2144 800 2193 inuentos,
850 2145 993 2187 saltem
1032 2158 1130 2187 cum
1167 2145 1418 2200 praecisione
1472 2148 1599 2187 trium
1638 2154 1709 2185 aut
1745 2154 1925 2198 quatuor
1960 2143 2047 2184 Mi-

574 2212 667 2251 nut.
699 2210 936 2264 primorum
980 2217 1086 2253 cum
1115 2211 1294 2253 veritate
1341 2206 1622 2280 consentires*
1667 2208 1733 2251 De
1770 2210 2045 2264 elongatione

575 2283 602 2301 ”¹
1899 2283 2044 2315 autem
