2209 2712
546 128 661 179 »3253
724 130 870 184 >287
904 126 929 198 (p
986 131 1100 181 ἔξω

91 242 205 284 denti
241 240 454 283 crucibulo
506 239 649 281 sensim
699 240 852 293 ingessi.
936 238 1234 284 combustione
1268 225 1393 283 lentas
1424 244 1546 286 flam*

90 320 205 347 mam
242 306 400 352 albam,
436 304 504 344 sub
540 304 737 361 continua
771 304 1065 357 crepitatione,
1102 307 1396 347 exhibuerunt.
1459 308 1544 348 Fu-

91 383 184 411 mus
220 384 242 408 a
278 368 436 419 vulgari
472 368 764 419 vegetabilium
802 367 919 410 fumo
956 371 1055 410 nihil
1091 371 1319 410 differebat.
1372 369 1409 410 E
1445 384 1543 412 can·

91 433 204 474 denti
238 444 312 484 per
346 432 554 484 integrum
592 431 801 471 bihorium
839 433 1052 473 crucibulo
1086 436 1241 486 prodiit
1279 433 1416 488 puluis
1452 448 1543 476 car-

89 497 322 541 bonaceus,
376 510 399 534 a
435 508 519 547 quo
556 495 715 534 lotione
752 495 857 535 ultra
891 497 1135 537 drachmam
1184 498 1366 551 pulveris
1401 510 1543 540 arena-

90 560 153 600 cei
188 558 362 609 seceffit,
396 558 555 597 residuo
592 558 757 598 unciam
795 572 891 598 cum
928 561 1085 612 septem
1121 559 1329 601 drachmis
1366 573 1544 613 aequan-

88 633 156 668 te;
205 635 226 662 e
264 634 348 674 quo
395 633 586 674 magnete
624 621 828 660 artificiali
864 622 1121 674 aliquantum
1158 627 1384 664 ferrearum
1420 626 1547 677 parti-

89 687 275 726 cularum
315 685 454 737 colligi
507 686 658 737 potuit.
740 683 1026 727 Elixivatione
1065 698 1161 728 tunc
1197 688 1360 728 obtinui
1395 688 1545 729 drach-

87 763 202 791 mam
234 761 281 803 xet
316 750 400 788 duo
435 749 645 801 scrupulos
680 746 810 787 Alc-ali
836 750 919 801 fixi
951 751 1211 804 vegetabilis,
1266 763 1397 801 neque
1440 752 1549 790 indi-

89 816 202 854 cium
238 812 368 852 ullum
407 812 536 852 adfuit
572 812 673 853 Salis
711 813 939 861 muriatici,
974 816 1086 867 quod
1125 813 1215 856 Cel.
1250 814 1389 854 Delius
1427 813 1543 868 (Diffi

87 878 136 917 de
170 875 381 928 Aethiope
416 875 635 928 vegetabili
670 874 835 929 Erlang.
867 874 923 931 4.)
959 878 1001 918 in
1037 879 1217 920 Lichene
1251 877 1451 918 islandico
1483 878 1548 927 inf

87 938 244 997 yeniffe
277 938 482 993 perhibet.

277 1061 391 1102 Eloti
448 1062 613 1103 tandem
661 1061 811 1102 cineres
867 1076 962 1103 cum
1018 1065 1142 1105 acidis
1196 1065 1356 1106 strenue
1410 1064 1553 1105 serve-5

87 1124 211 1172 bant,
264 1127 380 1165 etin
419 1125 547 1164 tribus
583 1126 714 1162 unciis
768 1125 873 1164 acidi
924 1127 1063 1167 nitrofi
1117 1128 1287 1179 digesti,
1339 1129 1546 1169 calcareae

88 1198 222 1229 terrae
255 1188 470 1227 drachmas
508 1198 590 1226 tres
629 1187 867 1227 amiterunt.
931 1187 1098 1229 Solutio
1132 1191 1185 1230 fic
1221 1202 1384 1243 parata,
1418 1191 1547 1232 instil-

86 1251 168 1292 lata
219 1252 303 1291 fere
349 1251 397 1289 ad
442 1250 697 1290 saturitatem
753 1250 946 1290 solutioni
1000 1253 1087 1292 salis
1149 1254 1316 1302 tartari,
1368 1254 1548 1307 limpida

88 1315 263 1364 mansit,
297 1323 384 1353 tum
422 1313 592 1353 demum
632 1308 737 1353 Calx
771 1314 866 1353 inde
904 1313 972 1353 sub
1009 1315 1142 1356 forma
1175 1316 1381 1368 gelarinae
1424 1332 1545 1372 prae·

86 1372 182 1432 ceps
217 1378 320 1418 faeta
355 1376 437 1424 est,
488 1388 594 1428 quae
631 1376 717 1427 post
753 1376 1105 1418 edulcorationem
1129 1408 1139 1427 ‚
1192 1379 1334 1420 similis
1372 1394 1549 1435 magne·-

85 1441 194 1491 fiae,
247 1453 341 1481 cum
377 1438 503 1480 acidis
539 1438 733 1478 omnibus
785 1438 946 1481 fervens
983 1444 1144 1495 pondus
1190 1442 1412 1484 drachmae
1447 1455 1544 1485 cum

86 1505 320 1559 quindecim
358 1504 494 1556 granis
532 1512 693 1543 tantum
730 1506 945 1555 aequauit,
994 1506 1154 1557 reliqua
1206 1519 1320 1559 parte
1356 1510 1398 1547 in
1437 1509 1544 1548 solu-

85 1571 199 1610 tione
253 1567 407 1608 relic'ta.
473 1566 631 1607 Eadem
669 1565 819 1608 solutio
853 1569 974 1609 calcis
1011 1569 1242 1609 Lichenum
1283 1584 1354 1611 nec
1390 1571 1439 1612 ab
1473 1572 1544 1612 ad-

81 1632 168 1674 susa
196 1644 327 1685 aqua,
363 1643 497 1683 neque
532 1632 650 1684 aquis
680 1631 870 1672 instillata
902 1634 1253 1687 praecipitationis
1283 1635 1389 1688 signa
1417 1635 1541 1677 dedit.

268 1754 424 1805 Terra,
482 1769 587 1810 quae
632 1758 718 1809 post
769 1759 998 1800 extrastam
1050 1758 1202 1801 calcem
1240 1761 1455 1812 remansit,
1498 1776 1543 1804 e-

84 1815 293 1858 dulcorata
328 1819 681 1871 sesquidrachmae
715 1827 874 1874 pondus
909 1822 1070 1870 effecit,
1133 1825 1363 1876 nigricans,
1394 1826 1542 1878 'levis‚

83 1881 267 1933 insipida.
334 1882 467 1923 Huius
504 1883 805 1926 semidrachma
858 1887 953 1926 forti
991 1886 1084 1937 igne
1118 1887 1272 1927 iterum
1309 1888 1540 1941 calcinata‚

83 1948 215 1996 magis
248 1945 380 1996 grisea
413 1947 562 1994 evasit,
599 1958 641 1987 et
676 1950 889 2002 particulis
925 1948 1084 2000 aliquot
1129 1952 1311 2001 magneti
1349 1953 1538 1995 adhaefit.

79 2008 199 2048 Tunc
234 2008 276 2047 in
314 2008 408 2062 igne
445 2009 599 2052 fulorio
647 2025 742 2052 cum
795 2012 883 2052 salis
939 2012 1084 2051 tartari
1133 2014 1333 2055 drachma
1384 2016 1541 2069 liquata

81 2080 123 2110 et
157 2071 245 2124 post
279 2071 530 2115 semihoram
566 2076 609 2115 in
646 2077 803 2115 vitrum
840 2076 1063 2116 flavescens
1101 2077 1213 2117 versa
1265 2079 1367 2126 fuit,
1423 2080 1536 2131 quod

78 2133 240 2190 postera
290 2136 354 2180 die
403 2137 669 2181 humescebat
721 2139 916 2193 quidem,
974 2151 1061 2180 non
1118 2150 1259 2183 tamen
1303 2142 1534 2196 deliquium

1395 2206 1536 2262 plenas
