2209 2712
704 150 820 202 »5233
884 147 1081 212 Mas(
1146 154 1263 208 3:⁶22«-

239 261 371 317 preffu
417 272 490 315 per
519 260 712 305 “ducrum
750 264 951 317 cysticurn
990 267 1038 310 ad
1072 265 1388 311 choledochum
1425 280 1554 326 vsque
1590 275 1712 327 poffit

238 325 391 379 vrgeri.
476 322 613 366 Facile
663 328 777 370 vides
814 341 1007 388 quoque,
1065 330 1105 372 id
1142 332 1170 374 fl
1205 331 1298 374 fieri
1350 336 1504 388 posset,
1556 340 1708 391 quouis

237 390 394 431 leuiore
429 389 650 430 ventriculi
704 402 825 434 motu
883 395 1147 445 inordinato,
1200 405 1270 437 aut
1304 398 1538 452 repletione
1580 402 1709 445 nimia

234 452 470 507 periculum
510 455 623 503 fore,
679 468 729 495 ne
779 458 899 499 fimul
949 460 1088 501 omnis
1141 459 1233 501 bilis
1278 474 1409 515 penus
1443 467 1706 517 excutiatur,

232 517 342 559 haud
394 517 515 558 breui
568 517 761 572 facilique
816 525 989 576 negotio
1042 524 1354 581 restaurandus3
1407 531 1521 580 quod
1572 530 1708 585 ipsum

231 582 408 636 proinde
446 594 497 622 ne
532 582 630 634 fiat,
681 594 751 624 aut
784 584 875 626 fieri
912 589 1056 640 poffit‚
1108 599 1277 632 cautum
1331 594 1471 645 potius
1527 595 1704 652 prouide

229 648 310 688 effe
345 647 465 702 plicis
501 647 703 689 vesiculae
740 658 783 690 et
819 652 963 704 cystici
1000 654 1142 696 duetus
1180 655 1413 701 trabeculis.

417 774 520 817 Non
557 789 632 827 eo,
684 785 732 818 vt
768 778 981 832 explicem
1018 782 1192 826 difficile
1227 785 1308 828 hoc
1345 786 1707 846 phaenomenong

228 839 341 896 quod
395 852 508 882 certe
562 842 719 883 altioris
773 843 981 897 indaginis
1020 848 1099 897 est,
1152 850 1218 892 sed
1272 864 1357 904 quo
1393 852 1442 892 ab
1479 867 1617 895 errore
1653 856 1704 896 ad

227 908 384 949 rectam
424 907 611 946 veritatis
648 907 760 947 viam
798 910 993 950 reducam
1033 912 1158 961 alios,
1194 914 1298 954 haec
1342 916 1537 956 dixerim.
1606 918 1701 961 Hoc

226 983 365 1012 tamen
406 969 614 1012 affirmare
659 984 743 1012 non
780 973 949 1014 dubito:
1004 975 1114 1017 nulla
1151 978 1354 1030 preffione
1391 989 1569 1021 externa
1605 982 1697 1022 bilis

223 1034 514 1077 excreti‘›nem
567 1035 686 1088 fieri;
738 1036 832 1078 fieri
867 1040 1006 1092 potius
1051 1041 1173 1081 simili
1212 1043 1361 1091 modo,
1416 1058 1461 1084 ac
1498 1045 1620 1086 saliua
1654 1047 1697 1087 in

223 1113 298 1140 ore
342 1095 658 1147 ‘stimulantibus
712 1102 814 1140 cibis
867 1105 1127 1154 concitatur,
1181 1106 1248 1146 vel
1284 1106 1445 1158 aspectu
1498 1118 1568 1148 aut
1613 1110 1697 1151 sola

223 1163 519 1216 imaginatione
557 1163 702 1201 talium
740 1164 957 1217 ciborum3
995 1178 1079 1218 quo
1116 1168 1274 1220 pariter
1298 1179 1342 1209 et
1378 1170 1520 1212 succus
1555 1174 1698 1225 gastri-

223 1242 294 1270 cus
331 1229 373 1268 in
410 1225 650 1267 ventriculo
687 1238 726 1268 et
761 1228 947 1281 Vndique
985 1230 1024 1269 in
1063 1231 1142 1271 viis
1180 1232 1344 1273 cibariis
1395 1234 1584 1287 liquores
1621 1237 1692 1279 eli-

221 1289 413 1341 ciuntur,
450 1303 536 1344 quo
570 1303 699 1343 porro
734 1292 846 1332 muci
880 1293 1101 1345 profluxus
1136 1295 1179 1333 in
1216 1296 1409 1346 naribus,
1445 1308 1487 1338 et
1514 1300 1556 1340 in
1584 1302 1697 1357 aspe-

220 1372 268 1399 ra
309 1355 459 1399 arteria
510 1355 750 1395 introducto
801 1356 1038 1397 stimulante
1091 1358 1262 1411 puluere
1316 1363 1552 1416 excitatur;
1604 1379 1692 1420 quo

219 1423 400 1477 denique
435 1421 478 1459 in
507 1419 698 1460 vniuerso
737 1431 917 1473 corpore
954 1415 1164 1473 humano,
1200 1434 1269 1465 aut
1304 1427 1588 1481 cuiuscunque
1622 1443 1690 1483 ge-

219 1477 324 1528 neris
378 1481 570 1532 animali,
625 1483 818 1525 comaclu
855 1485 1015 1526 acrium
1054 1500 1150 1528 cum
1190 1490 1373 1542 partibus
1421 1492 1529 1533 viuis
1565 1493 1689 1535 senti-

217 1535 469 1603 entibusque
530 1547 732 1588 humores
794 1561 1098 1603 prouocantur.
1184 1553 1391 1608 Singulari
1451 1556 1687 1600 irritatione

215 1628 343 1670 ergo,
397 1613 538 1667 primo
575 1612 777 1653 intestinis
832 1614 933 1655 cibis
985 1617 1220 1658 recentibus
1258 1620 1536 1674 appetitisque
1573 1624 1690 1664 exci-

215 1691 324 1729 tata,
377 1679 473 1719 dein
527 1686 757 1731 propagata
793 1689 868 1732 per
904 1679 1215 1722 choledochum
1270 1684 1463 1735 ductum,
1515 1695 1558 1726 et
1611 1699 1685 1741 per

213 1743 455 1799 hepaticum
503 1754 588 1781 non
644 1742 781 1782 minus
835 1757 960 1797 quam
1014 1759 1088 1799 per
1140 1747 1340 1798 cynicum
1379 1749 1420 1789 in
1457 1750 1682 1792 vesiculam

213 1808 378 1849 felleam
415 1819 575 1860 vsque,
619 1805 713 1847 elici
749 1808 889 1861 potius
925 1822 1051 1862 quam
1091 1804 1248 1864 eip‘elli
1283 1812 1456 1853 bilem-¹
1497 1811 1681 1857 Contrass

214 1874 288 1913 ctis
326 1870 464 1912 solidis
500 1871 697 1911 ductuum
736 1872 1023 1927 vesiculaeqne
1059 1876 1241 1927 partibus
1279 1871 1515 1927 quibusuis‚
1551 1879 1679 1933 plicas

213 1948 384 1991 quoque
421 1934 733 1986 trabeculasque
769 1933 989 1992 contrahi,
1045 1940 1312 1992 minoresque
1346 1938 1459 1990 fieri,
1498 1954 1583 1995 quo
1618 1944 1681 1984 lu-

213 2003 328 2042 mina
380 2000 543 2040 maiora
593 2002 912 2054 patentioraque
965 2001 1068 2042 fiant
1121 2003 1240 2052 alibi,
1303 2003 1399 2044 alibi
1450 2008 1674 2050 contractis

198 2064 436 2122 ,parietibus
472 2063 671 2106 cauitates
716 2066 953 2115 metentur,
1004 2077 1045 2107 et
1079 2067 1195 2107 bili‘s'
1220 2068 1418 2121 paulatim
1456 2072 1673 2124 vrgea'tur,

210 2130 410 2184 paulatim
463 2129 785 2170 transmittatur.
871 2129 984 2170 Haec
1021 2131 1219 2173 haetenus
1255 2133 1331 2174 vix
1365 2134 1533 2177 dubiosa
1569 2137 1675 2177 mihi

210 2195 316 2236 sunt.
397 2193 496 2249 Qua
530 2195 694 2236 ratione
729 2194 828 2238 haec
864 2193 976 2234 lenta
1011 2196 1231 2252 mollisque
1256 2208 1306 2240 et
1338 2198 1498 2253 placida
1540 2202 1678 2242 irrita-

918 2256 1001 2314 Gg
1040 2274 1064 2302 2
1158 2293 1161 2296 .
1193 2292 1195 2294 -
1382 2288 1388 2298 :
1593 2265 1676 2316 tio,
