2209 2712
1085 140 1203 194 “⁵201ss
1269 134 1465 197 )a92(
1533 139 1649 193 &tea-

621 247 763 294 orbita
797 248 971 294 Planete
1007 255 1242 308 perturbati
1278 256 1400 311 plane
1436 255 1484 296 fit
1521 256 1754 308 circularis,
1803 268 1858 298 ex
1894 259 2112 312 perturba-

621 314 741 358 tione
779 318 885 360 alius
921 321 1106 362 cuiusuis
1158 320 1383 368 Planetae,
1436 322 1599 363 nullam
1651 323 1777 365 aliam
1829 323 2112 366 variationem

618 384 797 437 produci
828 387 939 439 pofle
966 387 1009 425 in
1032 385 1255 429 Diametro
1284 388 1449 430 crbitae
1469 387 1662 430 Planetae
1691 389 1946 446 perturbati,
1983 401 2112 443 quam

619 459 725 501 quae
755 449 802 490 fit
829 450 1069 504 periodica,
1090 452 1274 506 ideoque
1295 467 1349 495 ex
1379 454 1461 495 hoc
1494 455 1631 509 capite
1656 457 1937 497 variationem
1970 465 2112 496 motus

616 514 747 554 medii
787 515 952 569 prorsus
991 516 1151 560 nullam
1187 520 1280 561 effe.
1352 519 1494 561 lmmo
1539 534 1643 562 vero
1687 522 1950 577 praesumere
1987 519 2110 570 licet,

615 578 775 621 etiamfi
807 580 1086 624 consideratio
1109 597 1281 639 quoque
1310 588 1645 628 excentricitatis
1673 590 1889 641 vtriussque
1913 586 2105 630 leetae

614 644 657 685 in
689 657 942 701 computum
980 649 1181 700 ducatur,
1219 661 1360 693 tamen
1395 651 1557 693 nullum
1598 653 1695 694 inde
1727 666 1806 706 pro
1839 652 2105 694 correctione

612 712 664 759 α’,
700 712 873 765 prodire
907 715 1137 754 terminum
1177 717 1412 769 quantitate
1446 725 1473 772 p
1499 717 1707 760 affectum.
1747 717 1790 758 Id
1828 719 1942 771 quod
1973 731 1994 757 a
2024 720 2108 772 pri-

608 775 700 824 ori,
738 778 910 830 egregio
944 780 1172 821 ratiocinio
1207 780 1476 823 confirmauit
1513 783 1660 824 Illustr.
1698 785 1745 824 de
1779 782 1822 824 la
1858 782 2026 836 Grange
2061 784 2106 824 in

612 838 735 883 Aetis
772 840 1027 886 Academiae
1064 845 1348 888 Berolinenfis
1395 861 1473 902 pro
1507 847 1639 888 Anno
1680 848 1815 896 1776.
1883 846 1961 886 Iste
1998 860 2106 897 v-ero

615 906 826 948 terminus
863 910 1019 962 angulo
1059 919 1087 965 p
1122 912 1317 962 affectus,
1372 913 1445 967 qui
1482 914 1793 953 correctionem
1831 905 1882 962 (β’
1916 911 2105 966 ingredi·

606 979 700 1021 tur,
762 972 942 1015 exhibet
997 987 1159 1018 motum
1212 979 1395 1031 aphelii,
1446 979 1519 1031 qui
1556 979 1684 1032 igitur
1720 978 2044 1031 cognosceretur
2079 991 2104 1028 a

610 1037 772 1091 priori,
821 1040 954 1082 modo
988 1043 1159 1085 exactus
1196 1044 1317 1086 valor
1371 1045 1518 1087 massae
1557 1043 1738 1086 Veneris
1775 1042 1998 1085 haberetur
2034 1043 2104 1086 de-

606 1109 875 1153 terminatus.

1915 2265 2089 2326 'rabula‘
