2209 2712
1048 184 1164 235 »5013
1231 188 1250 239 2
1283 185 1375 224 206
1411 181 1425 236 <
1493 180 1607 231 5222·-

600 296 812 340 strueturis
867 297 1084 340 inutilibus
1120 297 1316 338 omnibus
1353 295 1404 337 fic
1432 293 1826 335 ‘effe'iudicaudum
1864 293 2064 336 arbitror:

603 362 674 417 effe
706 363 745 404 in
771 363 943 417 lingulis
971 362 1179 420 fabricam
1213 362 1385 414 aliquam
1417 359 1687 415 peculiarem,
1724 371 1748 398 α
1779 357 1904 412 solita
1937 360 2068 399 diuer-

590 427 705 481 sam,
759 441 876 482 quam
912 438 960 468 vt
996 426 1164 479 efficiat,
1218 435 1368 466 natura
1410 424 1540 481 fuerit
1576 424 1738 472 molita,
1791 434 1891 477 quae
1934 434 2066 464 tamen

600 490 649 532 ob
686 491 958 547 impedimenta
993 503 1269 546 quaecunque,
1294 489 1545 545 struentibus
1580 487 1741 530 viribus
1777 482 1972 545 oppofita‚
2009 486 2067 544 ef-

588 556 663 608 fici
697 569 771 598 non
800 556 939 612 potuit,

788 679 905 721 Dum
958 679 1043 720 duo
1093 679 1320 720 ventriculi
1372 678 1414 719 in
1473 679 1660 720 monstro
1715 679 1856 720 nostro
1891 680 2067 722 secundo

600 743 687 784 duo
722 743 915 786 duodena
950 745 1211 799 producunt,
1267 756 1373 798 quae
1410 745 1452 784 in
1487 756 1620 784 vnum
1675 744 1895 784 confluunt
1930 746 2067 785 tenui—

601 820 674 848 um
713 808 1003 851 intestinorum
1039 809 1228 850 canalem
1265 821 1564 858 communem,
1601 808 1750 850 deinde
1787 821 1893 850 vero
1928 810 2068 850 denuo

601 871 645 911 in
680 872 784 914 duos
821 875 1046 915 crafforum
1083 875 1248 915 ordines
1295 874 1490 928 proprios
1527 873 1760 927 puellarum
1800 873 2068 925 diuiduntur3

601 935 685 977 hoc
720 936 839 977 facile
869 939 1105 979 institutum
1139 938 1253 979 fuiffe
1287 948 1402 992 patet
1438 938 1631 992 sapientis
1654 949 1838 985 naturae,
1874 947 1923 978 vt
1943 950 2068 991 quae-

603 999 705 1041 libet
740 1001 874 1054 puella
910 1005 1001 1043 suos
1040 1003 1307 1042 manducaret
1344 1012 1386 1043 et
1422 1003 1648 1056 deglutiret
1697 1003 1837 1050 cibos,
1892 1011 1939 1041 vt
1977 1001 2067 1042 suos

604 1066 811 1116 digereret
860 1066 1071 1125 ‘quaelibet
1106 1067 1147 1105 in
1185 1067 1384 1120 proprio,
1436 1080 1521 1120 quo
1577 1069 1755 1120 gaudet,
1806 1066 2071 1115 ventriculo,

603 1126 863 1181 chylumque
901 1128 1084 1169 efficeret
1121 1130 1276 1182 pariter
1296 1131 1337 1168 iu
1370 1131 1441 1169 suo
1478 1130 1690 1182 quaelibet
1725 1131 1943 1180 duodeno,
1979 1140 2070 1171 tum

602 1204 706 1233 vero
742 1205 867 1245 quam
903 1204 1081 1246 vti-aque
1117 1191 1254 1247 puella
1290 1192 1527 1234 confecisset
1563 1194 1710 1243 massa,
1749 1194 1874 1246 chylo
1907 1204 1948 1235 et
1984 1193 2070 1235 suc-

604 1257 663 1298 cis
700 1257 883 1298 nutritiis
933 1258 1129 1311 grauida,
1183 1258 1225 1297 in
1262 1270 1393 1299 vnum
1431 1268 1478 1298 vt
1511 1259 1836 1301 confunderetur
1889 1270 2072 1314 recepta-

606 1320 748 1362 culum
786 1332 1030 1369 commune‚
1067 1334 1120 1363 ex
1155 1334 1240 1374 quo
1275 1322 1487 1376 quaelibet
1523 1324 1689 1376 postea,
1741 1335 1946 1377 quantum
2001 1324 2074 1365 fibi

606 1397 711 1439 opus
765 1385 886 1434 esset,
939 1384 1100 1439 puella,
1149 1396 1190 1426 ct
1224 1397 1426 1437 quantum
1482 1388 1731 1429 conueniret
1786 1388 1877 1430 suae
1930 1387 2074 1437 saluti,

607 1448 814 1499 hauriret3
849 1450 1028 1502 denique
1065 1449 1233 1502 peraeto
1273 1449 1549 1490 absorbtiouis
1586 1454 1785 1504 negotio,
1832 1463 1879 1493 vt
1915 1453 2074 1506 quaeli-

607 1512 676 1554 bet
711 1514 848 1554 deuuo
883 1514 1001 1555 suum
1055 1513 1266 1554 conferret
1320 1513 1556 1565 lymbolum
1595 1526 1676 1567 ope
1711 1519 1936 1556 crassorum
1973 1518 2078 1557 inte-

604 1576 831 1627 stinorum,
870 1578 1019 1632 quibus
1055 1577 1264 1632 quaelibet
1299 1578 1453 1633 gaudet
1505 1579 1713 1633 propriis,
1767 1580 1816 1620 ad
1861 1580 2080 1635 expellen-

607 1643 677 1683 das
712 1640 863 1683 faeces.
1694 1640 1698 1649 '

797 1769 1013 1825 singulare
1048 1770 1302 1813 beneficium
1343 1780 1512 1814 naturae
1547 1773 1587 1813 in
1620 1786 1665 1814 ea
1702 1786 1745 1814 re
1782 1774 1964 1827 positum
2000 1771 2077 1814 effe

611 1845 655 1876 et
708 1835 819 1889 quafi
871 1835 1114 1889 praesidium
1169 1836 1330 1885 salmis,
1385 1838 1595 1878 neminem
1634 1838 1751 1891 fugit.
1820 1837 1863 1878 Si
1909 1836 2078 1877 alterius

613 1898 776 1954 puellae
811 1900 1070 1941 ventriculus
1123 1899 1270 1940 debilis
1324 1900 1520 1953 viresque
1576 1903 1808 1956 digestrices
1844 1914 1938 1942 cum
1978 1912 2081 1953 pto·

613 1963 740 2004 strato
795 1966 981 2018 appetitu
1029 1964 1295 2005 labefactatae
1346 1964 1519 2013 fuerint,
1571 1968 1682 2020 quod
1735 1979 1787 2008 ex
1839 1966 1941 2007 c'ibis
1993 1976 2077 2004 non

610 2030 769 2076 modo,
806 2030 936 2069 nimia
972 2031 1203 2081 quantitate
1241 2029 1428 2084 ingestiS,
1475 2030 1536 2070 sed
1576 2033 1700 2072 etiam
1739 2043 1792 2070 ex
1827 2031 1915 2069 aliis
1952 2026 2079 2069 caufis

616 2103 741 2143 quam
780 2094 971 2147 plurimis
1009 2093 1098 2134 fieri
1151 2094 1306 2147 potest,
1360 2095 1555 2147 quodque
1592 2097 1690 2135 dum
1738 2093 1807 2141 fit,
1858 2094 2081 2134 cruditates

617 2155 659 2194 in
699 2156 898 2198 intestinis
937 2168 979 2199 et
1015 2157 1148 2199 febres
1185 2156 1278 2199 inde
1332 2159 1655 2199 intermittentes
1691 2159 1953 2210 aliorumque
1988 2170 2082 2211 per-

615 2219 848 2261 multorum
889 2221 1138 2263 morborum
1177 2224 1324 2265 seriem
1360 2223 1591 2279 producere
1618 2220 1752 2277 'solet3
1794 2223 1930 2277 puella
1967 2235 1988 2261 a
2023 2223 2082 2262 ci-
2133 2214 2138 2220 ⁵

1997 2286 2082 2335 bis,
