2209 2712
1042 136 1158 189 »ἓξὲξ
1221 137 1240 187 >
1278 132 1420 192 274(
1484 134 1599 186 2323·-

588 249 663 290 bus
700 262 795 291 cura
831 247 1016 290 eiusdem
1053 247 1100 288 ad
1138 248 1284 288 viuum
1321 246 1475 289 animal
1510 245 1652 299 pistis,
1691 250 1893 301 tantisper
1931 247 2048 289 Afris

588 312 843 354 Academiae
895 311 1100 359 inseteie‚
1152 311 1251 351 dum
1289 311 1439 352 mehor
1481 310 1704 362 aliquando
1752 311 1917 351 fortuna
1968 312 2054 351 ani-

589 375 696 425 mal,
748 390 826 429 pro
860 375 1114 416 accuratiore
1150 373 1450 426 descriptione,
1502 373 1765 442 internorum
1809 373 2053 436 praesertim

589 440 795 493 partium,
830 439 1043 492 integrum
1081 436 1199 476 nobis
1237 434 1472 478 advexerit.

778 567 912 621 Capra
946 565 1071 613 haec,
1122 577 1245 616 quam
1283 562 1542 617 Caucastcam
1576 575 1730 604 vocare
1766 563 1920 618 placet,
1969 559 2052 604 fress

589 629 851 683 quentiffima
888 630 944 669 est
981 633 1022 667 in
1058 626 1228 667 summis
1267 625 1437 667 Caucafi
1479 623 1624 680 jugis,
1679 628 1787 667 circa
1821 628 2051 667 fluuiorum

586 691 731 733 Terek
750 703 790 733 et
810 691 977 732 Kubam
1015 691 1191 742 summas
1223 691 1419 742 origines,
1454 691 1638 743 itemque
1675 691 1717 730 in
1739 688 1930 730 Offetino
1970 700 2051 731 tra-

586 756 651 796 {tu
688 765 728 794 et
763 753 990 802 Cachetia,
1027 754 1225 794 schistofis
1263 752 1432 806 rupibus
1468 756 1511 793 in
1543 753 1748 794 summam
1786 754 2051 795 altitudinem

583 818 763 859 exaltata
798 828 839 858 et
875 818 1124 870 exasperata.
1193 815 1292 857 Duo
1329 816 1464 868 capita
1502 816 1804 864 masculorum,
1859 827 1901 856 et
1946 819 2054 858 inte-

581 894 699 935 gram
735 882 881 922 deinde
927 882 1184 924 foeminam,
1238 879 1303 919 sed
1339 880 1562 920 interaneis
1598 879 1720 920 valde
1756 879 1891 925 laefis,
1928 891 1950 918 e
1986 880 2051 919 di·
2114 885 2117 887 ’

581 944 708 984 vei-fis
744 944 843 985 locis
880 943 1065 983 obtinuit
1097 940 1188 982 Cel.
1211 941 1515 993 Gilldenstaedt,
1553 955 1608 983 ex
1641 943 1774 994 iisque
1810 942 2054 995 descriptio-

581 1020 681 1048 nem
718 1020 844 1060 quam
881 1007 1017 1046 statim
1054 1005 1236 1052 tradam,
1287 1005 1572 1045 concinnauit.
1638 1005 1802 1044 Eodem
1842 1004 2051 1046 referente

582 1063 734 1110 animal
786 1066 835 1108 ab
865 1061 1074 1107 'Offet'inis
1112 1067 1357 1120 appellatur
1412 1062 1643 1116 Zebz'lder,
1680 1082 1702 1107 a
1738 1067 1922 1120 Dugoris
1973 1066 2054 1108 Sa-

580 1127 755 1181 baudur3
789 1129 1171 1177 aTschetzentzis‚
1208 1129 1473 1170 Karabulacis
1509 1138 1551 1168 et
1583 1129 1887 1180 Inguschorum
1922 1140 2049 1182 gente

581 1193 718 1245 Hach3
769 1208 793 1233 a
827 1193 989 1234 Tataris
1026 1195 1156 1242 Prus3
1209 1206 1232 1232 a
1267 1191 1544 1233 Tscherkeffis
1589 1190 1887 1247 Tschuguldur3
1937 1193 2052 1246 deni-3

583 1270 665 1313 que
700 1256 880 1299 Didoica
913 1255 1055 1308 lingua
1088 1253 1254 1308 At'lha',
1290 1264 1335 1296 et
1372 1254 1502 1296 Ruffis
1535 1254 1620 1296 Tur
1657 1256 1786 1297 audit.

771 1386 969 1429 Notabile
1006 1394 1145 1425 autem
1185 1386 1266 1434 est,
1301 1398 1450 1427 verum
1488 1385 1654 1436 Ibicem,
1690 1398 1815 1439 quem
1849 1399 1871 1427 e
1905 1383 2054 1427 Sibiria

585 1449 782 1493 minutim
820 1449 1006 1501 descripfi
1042 1445 1139 1502 (*),
1176 1458 1218 1487 et
1253 1450 1368 1489 cuius
1407 1448 1644 1504 (fimillima
1681 1448 1785 1489 mihi
1821 1446 2050 1502 descriptis)

584 1525 744 1554 cornua
779 1525 835 1552 ex
870 1511 1065 1552 Heluetia
1099 1510 1171 1549 fibi
1208 1521 1424 1551 curauerat
1461 1513 1600 1552 afferri
1636 1511 1730 1552 Def.
1769 1509 1969 1565 Collega,
2003 1512 2048 1551 in

585 1573 772 1617 Caucaso
823 1577 894 1616 vel
945 1574 1068 1627 plane
1121 1585 1205 1612 non
1258 1574 1426 1621 viuere,
1479 1576 1548 1615 vel
1585 1573 1856 1616 Obseruatori
1902 1573 2049 1614 saltem

583 1640 726 1681 nostro
789 1650 1000 1690 nunquam
1063 1635 1249 1676 oblatum
1312 1636 1440 1676 fuisse.
1535 1633 1698 1676 Contra
1731 1649 1837 1677 v-ero
1888 1633 2052 1690 Capra,

585 1703 710 1756 quam
747 1702 883 1755 Aegag
888 1713 973 1743 rum
1017 1700 1131 1745 dixi,
1185 1711 1394 1752 quamque
1444 1707 1521 1753 pro
1556 1711 1653 1739 vera
1687 1699 1929 1741 Bezoartica
1964 1697 2049 1741 Ca·

584 1779 666 1821 pra
699 1765 933 1806 habendam
970 1763 1046 1804 effe
1082 1763 1232 1809 docui,
1283 1761 1375 1803 satis
1411 1762 1603 1815 frequens
1652 1762 1874 1812 inferiora,
1926 1761 2053 1807 sociis

584 1829 832 1882 Rupicapris
868 1837 1025 1874 amata,
1062 1826 1274 1866 m'ontium
1311 1827 1526 1865 cacumina
1561 1826 1603 1866 in
1641 1823 1825 1867 Caucaso
1858 1836 1972 1866 tenet
2002 1833 2048 1873 et

586 1893 827 1933 nominibus
886 1891 1063 1932 barbaris
1126 1889 1257 1942 probe
1319 1889 1607 1942 distinguitur,
1654 1886 1853 1931 Ossetinis
1902 1889 2047 1940 Tzan,

586 1955 948 1996 Tschetschentzis
999 1951 1175 2005 Bodsch,
1227 1948 1473 2005 Georgianis
1524 1954 1567 1992 in
1603 1952 1722 1993 Kewi
1775 1949 2057 2007 Achmetschi,

588 2020 699 2058 circa
731 2018 856 2060 Tiflis
891 2029 932 2058 et
965 2016 1095 2059 Ateni
1131 2015 1352 2058 Gareauli-
1369 2014 1477 2058 Tcha
1525 2015 1552 2057 s.
1589 2014 1679 2056 fera
1712 2012 1875 2070 Capra,
1924 2015 2044 2055 dicta

1923 2075 2044 2145 Hanc

628 2203 694 2255 ζ’)
721 2206 799 2244 Loc.
826 2207 877 2255 cit,
905 2217 936 2252 p.
961 2219 1006 2252 5²·
1031 2205 1097 2255 seq,
