<?xml version="1.0" encoding="UTF-8"?>
<!DOCTYPE html PUBLIC "-//W3C//DTD XHTML 1.0 Transitional//EN"
    "http://www.w3.org/TR/xhtml1/DTD/xhtml1-transitional.dtd">
<html xmlns="http://www.w3.org/1999/xhtml" xml:lang="en" lang="en">
 <head>
  <title>
</title>
<meta http-equiv="Content-Type" content="text/html;charset=utf-8" />
  <meta name='ocr-system' content='tesseract 3.04.00' />
  <meta name='ocr-capabilities' content='ocr_page ocr_carea ocr_par ocr_line ocrx_word'/>
</head>
<body>
  <div class='ocr_page' id='page_1' title='image "./actaacademiae79impe_0356.png"; bbox 0 0 2209 2712; ppageno 0'>
   <div class='ocr_carea' id='block_1_1' title="bbox 1023 177 1580 238">
    <p class='ocr_par' dir='ltr' id='par_1_1' title="bbox 1023 177 1580 238">
     <span class='ocr_line' id='line_1_1' title="bbox 1023 177 1580 238; baseline -0.005 -6"><span class='ocrx_word' id='word_1_1' title='bbox 1023 182 1140 234; x_wconf 52' lang='lat' dir='ltr'>neate</span> <span class='ocrx_word' id='word_1_2' title='bbox 1204 177 1343 238; x_wconf 71' lang='lat'>&gt;318</span> <span class='ocrx_word' id='word_1_3' title='bbox 1387 178 1403 236; x_wconf 88' lang='lat'>(</span> <span class='ocrx_word' id='word_1_4' title='bbox 1464 179 1580 232; x_wconf 54' lang='grc' dir='ltr'>ἔρξω</span> 
     </span>
    </p>
   </div>
   <div class='ocr_carea' id='block_1_2' title="bbox 567 289 2042 1111">
    <p class='ocr_par' dir='ltr' id='par_1_2' title="bbox 567 289 2042 1111">
     <span class='ocr_line' id='line_1_2' title="bbox 569 289 2035 347; baseline -0.003 -9"><span class='ocrx_word' id='word_1_5' title='bbox 569 298 688 338; x_wconf 78' lang='lat' dir='ltr'>tione</span> <span class='ocrx_word' id='word_1_6' title='bbox 725 303 870 334; x_wconf 86' lang='lat' dir='ltr'>mutua</span> <span class='ocrx_word' id='word_1_7' title='bbox 923 302 1064 334; x_wconf 85' lang='lat' dir='ltr'>motus</span> <span class='ocrx_word' id='word_1_8' title='bbox 1115 293 1324 347; x_wconf 82' lang='lat' dir='ltr'>quispiam</span> <span class='ocrx_word' id='word_1_9' title='bbox 1380 292 1719 344; x_wconf 83' lang='lat' dir='ltr'><strong>imprimeretur,</strong></span> <span class='ocrx_word' id='word_1_10' title='bbox 1774 289 1846 344; x_wconf 84' lang='lat' dir='ltr'>qui</span> <span class='ocrx_word' id='word_1_11' title='bbox 1890 289 2035 334; x_wconf 80' lang='lat' dir='ltr'>saltem</span> 
     </span>
     <span class='ocr_line' id='line_1_3' title="bbox 569 355 2036 414; baseline -0.002 -15"><span class='ocrx_word' id='word_1_12' title='bbox 569 371 645 414; x_wconf 82' lang='lat' dir='ltr'>per</span> <span class='ocrx_word' id='word_1_13' title='bbox 679 358 840 411; x_wconf 83' lang='lat' dir='ltr'>aliquot</span> <span class='ocrx_word' id='word_1_14' title='bbox 875 357 1029 397; x_wconf 74' lang='lat' dir='ltr'>saecula</span> <span class='ocrx_word' id='word_1_15' title='bbox 1065 367 1255 397; x_wconf 86' lang='lat' dir='ltr'>maneret</span> <span class='ocrx_word' id='word_1_16' title='bbox 1290 356 1500 405; x_wconf 79' lang='lat' dir='ltr'>constans,</span> <span class='ocrx_word' id='word_1_17' title='bbox 1554 366 1642 396; x_wconf 89' lang='lat' dir='ltr'>tum</span> <span class='ocrx_word' id='word_1_18' title='bbox 1680 356 1720 396; x_wconf 92' lang='lat' dir='ltr'>in</span> <span class='ocrx_word' id='word_1_19' title='bbox 1758 355 1904 396; x_wconf 71' lang='lat' dir='ltr'>tabulis</span> <span class='ocrx_word' id='word_1_20' title='bbox 1951 368 2036 396; x_wconf 90' lang='lat' dir='ltr'>me-</span> 
     </span>
     <span class='ocr_line' id='line_1_4' title="bbox 568 419 2037 473; baseline -0.002 -11"><span class='ocrx_word' id='word_1_21' title='bbox 568 424 739 463; x_wconf 85' lang='lat' dir='ltr'>diorum</span> <span class='ocrx_word' id='word_1_22' title='bbox 770 430 963 461; x_wconf 89' lang='lat' dir='ltr'>motuum</span> <span class='ocrx_word' id='word_1_23' title='bbox 999 430 1163 472; x_wconf 84' lang='lat' dir='ltr'>praeter</span> <span class='ocrx_word' id='word_1_24' title='bbox 1190 421 1283 460; x_wconf 82' lang='lat' dir='ltr'>loca</span> <span class='ocrx_word' id='word_1_25' title='bbox 1319 422 1454 462; x_wconf 85' lang='lat' dir='ltr'>media</span> <span class='ocrx_word' id='word_1_26' title='bbox 1486 421 1611 461; x_wconf 83' lang='lat' dir='ltr'>etiam</span> <span class='ocrx_word' id='word_1_27' title='bbox 1642 421 1690 459; x_wconf 80' lang='lat' dir='ltr'>ad</span> <span class='ocrx_word' id='word_1_28' title='bbox 1722 419 1899 473; x_wconf 84' lang='lat' dir='ltr'>quodnis</span> <span class='ocrx_word' id='word_1_29' title='bbox 1931 430 2037 459; x_wconf 90' lang='lat' dir='ltr'>tem-</span> 
     </span>
     <span class='ocr_line' id='line_1_5' title="bbox 567 483 2031 542; baseline -0.003 -15"><span class='ocrx_word' id='word_1_30' title='bbox 567 498 642 542; x_wconf 89' lang='lat' dir='ltr'>pus</span> <span class='ocrx_word' id='word_1_31' title='bbox 682 496 761 526; x_wconf 77' lang='lat' dir='ltr'>tam</span> <span class='ocrx_word' id='word_1_32' title='bbox 799 485 912 524; x_wconf 85' lang='lat' dir='ltr'>locus</span> <span class='ocrx_word' id='word_1_33' title='bbox 949 483 1105 537; x_wconf 76' lang='lat' dir='ltr'>aphelii</span> <span class='ocrx_word' id='word_1_34' title='bbox 1150 497 1274 537; x_wconf 85' lang='lat' dir='ltr'>quam</span> <span class='ocrx_word' id='word_1_35' title='bbox 1313 485 1522 525; x_wconf 85' lang='lat' dir='ltr'>nodorum</span> <span class='ocrx_word' id='word_1_36' title='bbox 1570 485 1798 537; x_wconf 76' lang='lat' dir='ltr'>consignari</span> <span class='ocrx_word' id='word_1_37' title='bbox 1843 484 2031 533; x_wconf 77' lang='lat' dir='ltr'>deberet,</span> 
     </span>
     <span class='ocr_line' id='line_1_6' title="bbox 568 547 2039 601; baseline -0.001 -12"><span class='ocrx_word' id='word_1_38' title='bbox 568 551 682 590; x_wconf 78' lang='lat' dir='ltr'>vnde</span> <span class='ocrx_word' id='word_1_39' title='bbox 718 547 881 588; x_wconf 73' lang='lat' dir='ltr'>tabulae</span> <span class='ocrx_word' id='word_1_40' title='bbox 917 549 1094 589; x_wconf 85' lang='lat' dir='ltr'>eandem</span> <span class='ocrx_word' id='word_1_41' title='bbox 1134 548 1253 601; x_wconf 72' lang='lat' dir='ltr'>plane</span> <span class='ocrx_word' id='word_1_42' title='bbox 1281 550 1462 589; x_wconf 78' lang='lat' dir='ltr'>formam</span> <span class='ocrx_word' id='word_1_43' title='bbox 1501 551 1793 601; x_wconf 82' lang='lat' dir='ltr'>impetrarent,</span> <span class='ocrx_word' id='word_1_44' title='bbox 1828 562 1909 600; x_wconf 79' lang='lat' dir='ltr'>qna</span> <span class='ocrx_word' id='word_1_45' title='bbox 1946 560 2039 589; x_wconf 90' lang='lat' dir='ltr'>mo-</span> 
     </span>
     <span class='ocr_line' id='line_1_7' title="bbox 569 611 2038 666; baseline -0.003 -12"><span class='ocrx_word' id='word_1_46' title='bbox 569 626 615 654; x_wconf 84' lang='lat' dir='ltr'>re</span> <span class='ocrx_word' id='word_1_47' title='bbox 646 622 810 666; x_wconf 86' lang='lat' dir='ltr'>recepto</span> <span class='ocrx_word' id='word_1_48' title='bbox 845 612 1036 654; x_wconf 87' lang='lat' dir='ltr'>exhiberi</span> <span class='ocrx_word' id='word_1_49' title='bbox 1075 611 1218 653; x_wconf 86' lang='lat' dir='ltr'><strong>solent.</strong></span> <span class='ocrx_word' id='word_1_50' title='bbox 1300 611 1373 653; x_wconf 88' lang='lat' dir='ltr'>Sin</span> <span class='ocrx_word' id='word_1_51' title='bbox 1430 623 1568 652; x_wconf 83' lang='lat' dir='ltr'>autem</span> <span class='ocrx_word' id='word_1_52' title='bbox 1607 614 1772 665; x_wconf 82' lang='lat' dir='ltr'>insuper</span> <span class='ocrx_word' id='word_1_53' title='bbox 1809 614 1936 652; x_wconf 81' lang='lat' dir='ltr'>etiam</span> <span class='ocrx_word' id='word_1_54' title='bbox 1974 614 2038 652; x_wconf 90' lang='lat' dir='ltr'>in-</span> 
     </span>
     <span class='ocr_line' id='line_1_8' title="bbox 570 676 2036 731; baseline -0.003 -14"><span class='ocrx_word' id='word_1_55' title='bbox 570 678 745 718; x_wconf 85' lang='lat' dir='ltr'>clinatio</span> <span class='ocrx_word' id='word_1_56' title='bbox 781 689 857 729; x_wconf 90' lang='lat' dir='ltr'>per</span> <span class='ocrx_word' id='word_1_57' title='bbox 895 677 1056 731; x_wconf 81' lang='lat' dir='ltr'>aliquot</span> <span class='ocrx_word' id='word_1_58' title='bbox 1092 676 1250 716; x_wconf 82' lang='lat' dir='ltr'>saecula</span> <span class='ocrx_word' id='word_1_59' title='bbox 1286 677 1497 729; x_wconf 76' lang='lat' dir='ltr'>quandam</span> <span class='ocrx_word' id='word_1_60' title='bbox 1551 679 1827 717; x_wconf 75' lang='lat' dir='ltr'>mutationem</span> <span class='ocrx_word' id='word_1_61' title='bbox 1884 689 2036 726; x_wconf 73' lang='lat' dir='ltr'>aequa-</span> 
     </span>
     <span class='ocr_line' id='line_1_9' title="bbox 570 739 2036 791; baseline -0.001 -12"><span class='ocrx_word' id='word_1_62' title='bbox 570 740 699 780; x_wconf 79' lang='lat' dir='ltr'>bilem</span> <span class='ocrx_word' id='word_1_63' title='bbox 736 750 968 791; x_wconf 82' lang='lat' dir='ltr'>pateretur,</span> <span class='ocrx_word' id='word_1_64' title='bbox 1003 752 1095 781; x_wconf 80' lang='lat' dir='ltr'>eam</span> <span class='ocrx_word' id='word_1_65' title='bbox 1131 740 1253 781; x_wconf 81' lang='lat' dir='ltr'>simili</span> <span class='ocrx_word' id='word_1_66' title='bbox 1292 742 1421 780; x_wconf 90' lang='lat' dir='ltr'>modo</span> <span class='ocrx_word' id='word_1_67' title='bbox 1458 740 1605 780; x_wconf 78' lang='lat' dir='ltr'>tabulis</span> <span class='ocrx_word' id='word_1_68' title='bbox 1641 741 1847 781; x_wconf 79' lang='lat' dir='ltr'>consuetis</span> <span class='ocrx_word' id='word_1_69' title='bbox 1886 739 2036 779; x_wconf 82' lang='lat' dir='ltr'>inferre</span> 
     </span>
     <span class='ocr_line' id='line_1_10' title="bbox 570 803 2039 858; baseline 0 -14"><span class='ocrx_word' id='word_1_70' title='bbox 570 804 743 852; x_wconf 89' lang='lat' dir='ltr'>liceret,</span> <span class='ocrx_word' id='word_1_71' title='bbox 792 804 894 844; x_wconf 92' lang='lat' dir='ltr'>dum</span> <span class='ocrx_word' id='word_1_72' title='bbox 948 804 1104 845; x_wconf 89' lang='lat' dir='ltr'>scilicet</span> <span class='ocrx_word' id='word_1_73' title='bbox 1157 803 1295 844; x_wconf 87' lang='lat' dir='ltr'>tabula</span> <span class='ocrx_word' id='word_1_74' title='bbox 1347 817 1423 858; x_wconf 89' lang='lat' dir='ltr'>pro</span> <span class='ocrx_word' id='word_1_75' title='bbox 1466 805 1684 844; x_wconf 82' lang='lat' dir='ltr'>latitudine</span> <span class='ocrx_word' id='word_1_76' title='bbox 1720 815 1762 844; x_wconf 92' lang='lat' dir='ltr'>et</span> <span class='ocrx_word' id='word_1_77' title='bbox 1798 805 2039 844; x_wconf 65' lang='lat' dir='ltr'>reductione</span> 
     </span>
     <span class='ocr_line' id='line_1_11' title="bbox 571 867 2041 921; baseline -0.001 -13"><span class='ocrx_word' id='word_1_78' title='bbox 571 868 621 909; x_wconf 82' lang='lat' dir='ltr'>ad</span> <span class='ocrx_word' id='word_1_79' title='bbox 659 867 828 920; x_wconf 79' lang='lat' dir='ltr'>planum</span> <span class='ocrx_word' id='word_1_80' title='bbox 868 868 1003 909; x_wconf 79' lang='lat' dir='ltr'>fixum</span> <span class='ocrx_word' id='word_1_81' title='bbox 1039 868 1160 908; x_wconf 83' lang='lat' dir='ltr'>simul</span> <span class='ocrx_word' id='word_1_82' title='bbox 1194 869 1242 908; x_wconf 84' lang='lat' dir='ltr'>ad</span> <span class='ocrx_word' id='word_1_83' title='bbox 1280 867 1418 921; x_wconf 89' lang='lat' dir='ltr'>plures</span> <span class='ocrx_word' id='word_1_84' title='bbox 1455 868 1745 908; x_wconf 77' lang='lat' dir='ltr'>inclinationes</span> <span class='ocrx_word' id='word_1_85' title='bbox 1795 880 2041 908; x_wconf 85' lang='lat' dir='ltr'>accommo-</span> 
     </span>
     <span class='ocr_line' id='line_1_12' title="bbox 572 929 2038 984; baseline 0 -13"><span class='ocrx_word' id='word_1_86' title='bbox 572 931 758 971; x_wconf 84' lang='lat' dir='ltr'><strong>daretur.</strong></span> <span class='ocrx_word' id='word_1_87' title='bbox 826 929 900 971; x_wconf 87' lang='lat' dir='ltr'>Sin</span> <span class='ocrx_word' id='word_1_88' title='bbox 954 941 1094 971; x_wconf 86' lang='lat' dir='ltr'>autem</span> <span class='ocrx_word' id='word_1_89' title='bbox 1149 941 1363 984; x_wconf 79' lang='lat' dir='ltr'>praeterea</span> <span class='ocrx_word' id='word_1_90' title='bbox 1414 932 1726 983; x_wconf 75' lang='lat' dir='ltr'>inaequalitatas</span> <span class='ocrx_word' id='word_1_91' title='bbox 1780 932 1897 971; x_wconf 87' lang='lat' dir='ltr'>sexto</span> <span class='ocrx_word' id='word_1_92' title='bbox 1942 930 2038 971; x_wconf 89' lang='lat' dir='ltr'>loco</span> 
     </span>
     <span class='ocr_line' id='line_1_13' title="bbox 570 994 2042 1050; baseline 0.001 -16"><span class='ocrx_word' id='word_1_93' title='bbox 570 1004 932 1035; x_wconf 81' lang='lat' dir='ltr'>commemoratae</span> <span class='ocrx_word' id='word_1_94' title='bbox 983 995 1248 1043; x_wconf 83' lang='lat' dir='ltr'>accederent,</span> <span class='ocrx_word' id='word_1_95' title='bbox 1301 1008 1366 1035; x_wconf 87' lang='lat' dir='ltr'>eas</span> <span class='ocrx_word' id='word_1_96' title='bbox 1403 996 1445 1036; x_wconf 89' lang='lat' dir='ltr'>in</span> <span class='ocrx_word' id='word_1_97' title='bbox 1482 995 1756 1050; x_wconf 79' lang='lat' dir='ltr'>peculiaribus</span> <span class='ocrx_word' id='word_1_98' title='bbox 1793 994 1941 1035; x_wconf 82' lang='lat' dir='ltr'>tabulis</span> <span class='ocrx_word' id='word_1_99' title='bbox 1980 1005 2042 1036; x_wconf 80' lang='lat' dir='ltr'>ta-</span> 
     </span>
     <span class='ocr_line' id='line_1_14' title="bbox 573 1056 1346 1111; baseline 0 -13"><span class='ocrx_word' id='word_1_100' title='bbox 573 1057 678 1098; x_wconf 86' lang='lat' dir='ltr'>bulis</span> <span class='ocrx_word' id='word_1_101' title='bbox 714 1056 920 1098; x_wconf 84' lang='lat' dir='ltr'>consuetis</span> <span class='ocrx_word' id='word_1_102' title='bbox 956 1058 1080 1099; x_wconf 86' lang='lat' dir='ltr'>adiici</span> <span class='ocrx_word' id='word_1_103' title='bbox 1114 1067 1346 1111; x_wconf 85' lang='lat' dir='ltr'>oporteret.</span> 
     </span>
    </p>
   </div>
   <div class='ocr_carea' id='block_1_3' title="bbox 572 1215 2049 2167">
    <p class='ocr_par' dir='ltr' id='par_1_3' title="bbox 572 1215 2049 2167">
     <span class='ocr_line' id='line_1_15' title="bbox 762 1215 2040 1273; baseline 0.001 -14"><span class='ocrx_word' id='word_1_104' title='bbox 762 1219 798 1268; x_wconf 85' lang='lat'>§.</span> <span class='ocrx_word' id='word_1_105' title='bbox 846 1227 918 1267; x_wconf 80' lang='lat'>35.</span> <span class='ocrx_word' id='word_1_106' title='bbox 1001 1215 1150 1273; x_wconf 87' lang='lat' dir='ltr'>Quare</span> <span class='ocrx_word' id='word_1_107' title='bbox 1194 1216 1223 1258; x_wconf 84' lang='lat' dir='ltr'>ss</span> <span class='ocrx_word' id='word_1_108' title='bbox 1270 1229 1326 1258; x_wconf 82' lang='lat' dir='ltr'>ex</span> <span class='ocrx_word' id='word_1_109' title='bbox 1376 1217 1692 1271; x_wconf 80' lang='lat' dir='ltr'>aequationibus</span> <span class='ocrx_word' id='word_1_110' title='bbox 1744 1216 2040 1272; x_wconf 78' lang='lat' dir='ltr'>priticipalibus</span> 
     </span>
     <span class='ocr_line' id='line_1_16' title="bbox 574 1281 2046 1336; baseline -0.002 -11"><span class='ocrx_word' id='word_1_111' title='bbox 574 1295 721 1326; x_wconf 84' lang='lat' dir='ltr'>omnes</span> <span class='ocrx_word' id='word_1_112' title='bbox 758 1281 1035 1324; x_wconf 82' lang='lat' dir='ltr'>aberrationes</span> <span class='ocrx_word' id='word_1_113' title='bbox 1067 1297 1088 1323; x_wconf 84' lang='lat' dir='ltr'>a</span> <span class='ocrx_word' id='word_1_114' title='bbox 1124 1293 1244 1325; x_wconf 90' lang='lat' dir='ltr'>motu</span> <span class='ocrx_word' id='word_1_115' title='bbox 1283 1281 1461 1335; x_wconf 82' lang='lat' dir='ltr'>regulari</span> <span class='ocrx_word' id='word_1_116' title='bbox 1498 1283 1741 1336; x_wconf 78' lang='lat' dir='ltr'>perscrutari</span> <span class='ocrx_word' id='word_1_117' title='bbox 1773 1293 1814 1323; x_wconf 91' lang='lat' dir='ltr'>et</span> <span class='ocrx_word' id='word_1_118' title='bbox 1849 1295 1946 1323; x_wconf 89' lang='lat' dir='ltr'>cnm</span> <span class='ocrx_word' id='word_1_119' title='bbox 1983 1293 2046 1323; x_wconf 82' lang='lat' dir='ltr'>ta·</span> 
     </span>
     <span class='ocr_line' id='line_1_17' title="bbox 574 1345 2046 1401; baseline -0.001 -12"><span class='ocrx_word' id='word_1_120' title='bbox 574 1347 683 1389; x_wconf 89' lang='lat' dir='ltr'>bulis</span> <span class='ocrx_word' id='word_1_121' title='bbox 711 1357 834 1388; x_wconf 87' lang='lat' dir='ltr'>more</span> <span class='ocrx_word' id='word_1_122' title='bbox 872 1345 992 1386; x_wconf 83' lang='lat' dir='ltr'>solito</span> <span class='ocrx_word' id='word_1_123' title='bbox 1021 1347 1237 1387; x_wconf 63' lang='lat' dir='ltr'>exstrue-‘tis</span> <span class='ocrx_word' id='word_1_124' title='bbox 1273 1359 1515 1399; x_wconf 85' lang='lat' dir='ltr'>comparare</span> <span class='ocrx_word' id='word_1_125' title='bbox 1541 1348 1746 1396; x_wconf 80' lang='lat' dir='ltr'>velimus,</span> <span class='ocrx_word' id='word_1_126' title='bbox 1780 1347 1912 1399; x_wconf 84' lang='lat' dir='ltr'>probe</span> <span class='ocrx_word' id='word_1_127' title='bbox 1949 1360 2046 1401; x_wconf 85' lang='lat' dir='ltr'>per—</span> 
     </span>
     <span class='ocr_line' id='line_1_18' title="bbox 574 1406 2046 1465; baseline 0.001 -15"><span class='ocrx_word' id='word_1_128' title='bbox 574 1412 759 1465; x_wconf 80' lang='lat' dir='ltr'>pendere</span> <span class='ocrx_word' id='word_1_129' title='bbox 795 1406 1022 1460; x_wconf 82' lang='lat' dir='ltr'>debemus,</span> <span class='ocrx_word' id='word_1_130' title='bbox 1067 1423 1215 1451; x_wconf 87' lang='lat' dir='ltr'>omnes</span> <span class='ocrx_word' id='word_1_131' title='bbox 1264 1410 1434 1452; x_wconf 65' lang='lat' dir='ltr'>effeetus</span> <span class='ocrx_word' id='word_1_132' title='bbox 1479 1411 1829 1465; x_wconf 72' lang='lat' dir='ltr'>perturbationis,</span> <span class='ocrx_word' id='word_1_133' title='bbox 1882 1421 2046 1464; x_wconf 78' lang='lat' dir='ltr'>praeter</span> 
     </span>
     <span class='ocr_line' id='line_1_19' title="bbox 572 1473 2047 1526; baseline 0.002 -13"><span class='ocrx_word' id='word_1_134' title='bbox 572 1473 773 1515; x_wconf 82' lang='lat' dir='ltr'>vltimum</span> <span class='ocrx_word' id='word_1_135' title='bbox 796 1503 807 1524; x_wconf 91' lang='lat'>‚</span> <span class='ocrx_word' id='word_1_136' title='bbox 843 1475 927 1513; x_wconf 80' lang='lat' dir='ltr'>iam</span> <span class='ocrx_word' id='word_1_137' title='bbox 965 1474 1010 1513; x_wconf 92' lang='lat' dir='ltr'>in</span> <span class='ocrx_word' id='word_1_138' title='bbox 1046 1473 1149 1526; x_wconf 86' lang='lat' dir='ltr'>ipsas</span> <span class='ocrx_word' id='word_1_139' title='bbox 1186 1474 1341 1515; x_wconf 76' lang='lat' dir='ltr'>tabulas</span> <span class='ocrx_word' id='word_1_140' title='bbox 1378 1477 1456 1516; x_wconf 77' lang='lat' dir='ltr'>effe</span> <span class='ocrx_word' id='word_1_141' title='bbox 1492 1476 1662 1522; x_wconf 71' lang='lat' dir='ltr'>relatas,</span> <span class='ocrx_word' id='word_1_142' title='bbox 1707 1476 1764 1516; x_wconf 84' lang='lat' dir='ltr'>ita</span> <span class='ocrx_word' id='word_1_143' title='bbox 1801 1485 1846 1515; x_wconf 92' lang='lat' dir='ltr'>vt</span> <span class='ocrx_word' id='word_1_144' title='bbox 1883 1485 2047 1516; x_wconf 80' lang='lat' dir='ltr'>tantum</span> 
     </span>
     <span class='ocr_line' id='line_1_20' title="bbox 573 1536 2048 1592; baseline 0 -13"><span class='ocrx_word' id='word_1_145' title='bbox 573 1536 748 1592; x_wconf 89' lang='lat' dir='ltr'>superfit</span> <span class='ocrx_word' id='word_1_146' title='bbox 795 1538 1116 1589; x_wconf 80' lang='lat' dir='ltr'>inaequalitates</span> <span class='ocrx_word' id='word_1_147' title='bbox 1163 1537 1303 1578; x_wconf 88' lang='lat' dir='ltr'>vltimi</span> <span class='ocrx_word' id='word_1_148' title='bbox 1339 1540 1503 1591; x_wconf 88' lang='lat' dir='ltr'>generis</span> <span class='ocrx_word' id='word_1_149' title='bbox 1539 1539 1813 1592; x_wconf 77' lang='lat' dir='ltr'>inuestigare3</span> <span class='ocrx_word' id='word_1_150' title='bbox 1858 1541 1967 1580; x_wconf 87' lang='lat' dir='ltr'>vnde</span> <span class='ocrx_word' id='word_1_151' title='bbox 2004 1541 2048 1579; x_wconf 91' lang='lat' dir='ltr'>in</span> 
     </span>
     <span class='ocr_line' id='line_1_21' title="bbox 573 1599 2046 1656; baseline 0 -13"><span class='ocrx_word' id='word_1_152' title='bbox 573 1599 653 1643; x_wconf 84' lang='lat' dir='ltr'>hac</span> <span class='ocrx_word' id='word_1_153' title='bbox 689 1601 1003 1654; x_wconf 82' lang='lat' dir='ltr'>inuestigatione</span> <span class='ocrx_word' id='word_1_154' title='bbox 1049 1601 1235 1641; x_wconf 81' lang='lat' dir='ltr'>maxime</span> <span class='ocrx_word' id='word_1_155' title='bbox 1271 1602 1501 1642; x_wconf 80' lang='lat' dir='ltr'>curandum</span> <span class='ocrx_word' id='word_1_156' title='bbox 1537 1603 1611 1651; x_wconf 85' lang='lat' dir='ltr'>est,</span> <span class='ocrx_word' id='word_1_157' title='bbox 1646 1612 1691 1641; x_wconf 89' lang='lat' dir='ltr'>vt</span> <span class='ocrx_word' id='word_1_158' title='bbox 1729 1603 2046 1656; x_wconf 77' lang='lat' dir='ltr'>inaequalitates</span> 
     </span>
     <span class='ocr_line' id='line_1_22' title="bbox 573 1663 2046 1720; baseline 0.002 -15"><span class='ocrx_word' id='word_1_159' title='bbox 573 1665 775 1720; x_wconf 86' lang='lat' dir='ltr'>postremi</span> <span class='ocrx_word' id='word_1_160' title='bbox 816 1665 974 1705; x_wconf 89' lang='lat' dir='ltr'>ordinis</span> <span class='ocrx_word' id='word_1_161' title='bbox 1010 1664 1184 1705; x_wconf 83' lang='lat' dir='ltr'>sollicite</span> <span class='ocrx_word' id='word_1_162' title='bbox 1221 1663 1269 1704; x_wconf 84' lang='lat' dir='ltr'>ab</span> <span class='ocrx_word' id='word_1_163' title='bbox 1308 1665 1356 1705; x_wconf 91' lang='lat' dir='ltr'>iis</span> <span class='ocrx_word' id='word_1_164' title='bbox 1391 1665 1709 1718; x_wconf 86' lang='lat' dir='ltr'>distinguamus,</span> <span class='ocrx_word' id='word_1_165' title='bbox 1746 1679 1847 1716; x_wconf 79' lang='lat' dir='ltr'>quae</span> <span class='ocrx_word' id='word_1_166' title='bbox 1899 1666 2046 1709; x_wconf 84' lang='lat' dir='ltr'>tabulis</span> 
     </span>
     <span class='ocr_line' id='line_1_23' title="bbox 575 1728 2047 1784; baseline 0.001 -15"><span class='ocrx_word' id='word_1_167' title='bbox 575 1730 798 1773; x_wconf 84' lang='lat' dir='ltr'>ordinariis</span> <span class='ocrx_word' id='word_1_168' title='bbox 837 1729 917 1768; x_wconf 87' lang='lat' dir='ltr'>iam</span> <span class='ocrx_word' id='word_1_169' title='bbox 955 1728 1043 1770; x_wconf 91' lang='lat' dir='ltr'>sunt</span> <span class='ocrx_word' id='word_1_170' title='bbox 1077 1729 1273 1780; x_wconf 79' lang='lat' dir='ltr'>insertae3</span> <span class='ocrx_word' id='word_1_171' title='bbox 1307 1729 1405 1781; x_wconf 87' lang='lat' dir='ltr'>qnia</span> <span class='ocrx_word' id='word_1_172' title='bbox 1439 1730 1624 1783; x_wconf 88' lang='lat' dir='ltr'>alioquin</span> <span class='ocrx_word' id='word_1_173' title='bbox 1660 1731 1823 1770; x_wconf 86' lang='lat' dir='ltr'>easdem</span> <span class='ocrx_word' id='word_1_174' title='bbox 1876 1741 2047 1784; x_wconf 85' lang='lat' dir='ltr'>pertur-</span> 
     </span>
     <span class='ocr_line' id='line_1_24' title="bbox 575 1791 2048 1847; baseline 0.002 -14"><span class='ocrx_word' id='word_1_175' title='bbox 575 1792 768 1834; x_wconf 85' lang='lat' dir='ltr'>bationes</span> <span class='ocrx_word' id='word_1_176' title='bbox 809 1793 871 1834; x_wconf 86' lang='lat' dir='ltr'>bis</span> <span class='ocrx_word' id='word_1_177' title='bbox 909 1795 949 1833; x_wconf 88' lang='lat' dir='ltr'>in</span> <span class='ocrx_word' id='word_1_178' title='bbox 985 1802 1235 1847; x_wconf 84' lang='lat' dir='ltr'>computum</span> <span class='ocrx_word' id='word_1_179' title='bbox 1271 1791 1550 1841; x_wconf 82' lang='lat' dir='ltr'>traheremus,</span> <span class='ocrx_word' id='word_1_180' title='bbox 1602 1795 1715 1847; x_wconf 82' lang='lat' dir='ltr'>quod</span> <span class='ocrx_word' id='word_1_181' title='bbox 1753 1795 1902 1836; x_wconf 82' lang='lat' dir='ltr'>vitium</span> <span class='ocrx_word' id='word_1_182' title='bbox 1940 1794 2048 1837; x_wconf 85' lang='lat' dir='ltr'>forte</span> 
     </span>
     <span class='ocr_line' id='line_1_25' title="bbox 577 1854 2046 1912; baseline 0.002 -15"><span class='ocrx_word' id='word_1_183' title='bbox 577 1856 629 1898; x_wconf 90' lang='lat' dir='ltr'>iis</span> <span class='ocrx_word' id='word_1_184' title='bbox 650 1857 1004 1906; x_wconf 63' lang='lat' dir='ltr'>corrediionibtis,</span> <span class='ocrx_word' id='word_1_185' title='bbox 1040 1855 1190 1910; x_wconf 90' lang='lat' dir='ltr'>quibus</span> <span class='ocrx_word' id='word_1_186' title='bbox 1210 1854 1456 1897; x_wconf 84' lang='lat' dir='ltr'>Astronomi</span> <span class='ocrx_word' id='word_1_187' title='bbox 1493 1857 1648 1899; x_wconf 75' lang='lat' dir='ltr'>tabulas</span> <span class='ocrx_word' id='word_1_188' title='bbox 1667 1858 1932 1912; x_wconf 80' lang='lat' dir='ltr'>planetarum</span> <span class='ocrx_word' id='word_1_189' title='bbox 1961 1857 2046 1900; x_wconf 83' lang='lat' dir='ltr'>iar&#39;n</span> 
     </span>
     <span class='ocr_line' id='line_1_26' title="bbox 578 1920 2046 1976; baseline 0.001 -14"><span class='ocrx_word' id='word_1_190' title='bbox 578 1922 805 1962; x_wconf 80' lang='lat' dir='ltr'>emendare</span> <span class='ocrx_word' id='word_1_191' title='bbox 840 1923 932 1962; x_wconf 84' lang='lat' dir='ltr'>sunt</span> <span class='ocrx_word' id='word_1_192' title='bbox 967 1921 1132 1970; x_wconf 83' lang='lat' dir='ltr'>conati,</span> <span class='ocrx_word' id='word_1_193' title='bbox 1168 1921 1296 1961; x_wconf 88' lang='lat' dir='ltr'>obiici</span> <span class='ocrx_word' id='word_1_194' title='bbox 1331 1920 1488 1975; x_wconf 90' lang='lat' dir='ltr'>potest,</span> <span class='ocrx_word' id='word_1_195' title='bbox 1542 1923 1642 1962; x_wconf 89' lang='lat' dir='ltr'>dum</span> <span class='ocrx_word' id='word_1_196' title='bbox 1678 1923 1845 1964; x_wconf 65' lang='lat' dir='ltr'>effeetus</span> <span class='ocrx_word' id='word_1_197' title='bbox 1881 1924 2046 1976; x_wconf 60' lang='lat' dir='ltr'>pertu&#39;r4</span> 
     </span>
     <span class='ocr_line' id='line_1_27' title="bbox 575 1983 2049 2042; baseline 0.001 -16"><span class='ocrx_word' id='word_1_198' title='bbox 575 1983 761 2026; x_wconf 81' lang='lat' dir='ltr'>bationis</span> <span class='ocrx_word' id='word_1_199' title='bbox 796 1986 838 2026; x_wconf 90' lang='lat' dir='ltr'>in</span> <span class='ocrx_word' id='word_1_200' title='bbox 878 1993 997 2026; x_wconf 88' lang='lat' dir='ltr'>motu</span> <span class='ocrx_word' id='word_1_201' title='bbox 1035 1984 1298 2039; x_wconf 83' lang='lat' dir='ltr'>apheliorum</span> <span class='ocrx_word' id='word_1_202' title='bbox 1351 1986 1577 2038; x_wconf 73' lang='lat' dir='ltr'>produCtos</span> <span class='ocrx_word' id='word_1_203' title='bbox 1618 1987 1755 2027; x_wconf 88' lang='lat' dir='ltr'>denuo</span> <span class='ocrx_word' id='word_1_204' title='bbox 1794 1986 1942 2027; x_wconf 81' lang='lat' dir='ltr'>tabulis</span> <span class='ocrx_word' id='word_1_205' title='bbox 1976 1984 2049 2042; x_wconf 86' lang='lat' dir='ltr'>pe·</span> 
     </span>
     <span class='ocr_line' id='line_1_28' title="bbox 579 2049 2046 2105; baseline 0.001 -14"><span class='ocrx_word' id='word_1_206' title='bbox 579 2049 802 2091; x_wconf 85' lang='lat' dir='ltr'>culiaribus</span> <span class='ocrx_word' id='word_1_207' title='bbox 837 2049 1006 2090; x_wconf 64' lang='lat' dir='ltr'>adieetis</span> <span class='ocrx_word' id='word_1_208' title='bbox 1043 2050 1358 2103; x_wconf 81' lang='lat' dir='ltr'>implicuerunt,</span> <span class='ocrx_word' id='word_1_209' title='bbox 1382 2062 1478 2090; x_wconf 88' lang='lat' dir='ltr'>cum</span> <span class='ocrx_word' id='word_1_210' title='bbox 1516 2059 1656 2089; x_wconf 79' lang='lat' dir='ltr'>tamen</span> <span class='ocrx_word' id='word_1_211' title='bbox 1692 2051 1734 2090; x_wconf 89' lang='lat' dir='ltr'>in</span> <span class='ocrx_word' id='word_1_212' title='bbox 1770 2050 2046 2105; x_wconf 83' lang='lat' dir='ltr'>promotione</span> 
     </span>
     <span class='ocr_line' id='line_1_29' title="bbox 582 2112 1583 2167; baseline 0.002 -16"><span class='ocrx_word' id='word_1_213' title='bbox 582 2112 849 2167; x_wconf 81' lang='lat' dir='ltr'>apheliorum</span> <span class='ocrx_word' id='word_1_214' title='bbox 883 2114 968 2156; x_wconf 82' lang='lat' dir='ltr'>iam</span> <span class='ocrx_word' id='word_1_215' title='bbox 1006 2113 1163 2156; x_wconf 89' lang='lat' dir='ltr'>fuerint</span> <span class='ocrx_word' id='word_1_216' title='bbox 1195 2113 1241 2156; x_wconf 90' lang='lat' dir='ltr'>in</span> <span class='ocrx_word' id='word_1_217' title='bbox 1276 2113 1432 2156; x_wconf 81' lang='lat' dir='ltr'>tabulas</span> <span class='ocrx_word' id='word_1_218' title='bbox 1466 2112 1583 2154; x_wconf 85' lang='lat' dir='ltr'>illati.</span> 
     </span>
    </p>
   </div>
   <div class='ocr_carea' id='block_1_4' title="bbox 1900 2256 2047 2324">
    <p class='ocr_par' dir='ltr' id='par_1_4' title="bbox 1900 2256 2047 2324">
     <span class='ocr_line' id='line_1_30' title="bbox 1900 2256 2047 2324; baseline -0.007 -11"><span class='ocrx_word' id='word_1_219' title='bbox 1900 2272 1936 2324; x_wconf 83' lang='lat'>§-</span> <span class='ocrx_word' id='word_1_220' title='bbox 1974 2256 2047 2323; x_wconf 69' lang='lat'>³6.</span> 
     </span>
    </p>
   </div>
   <div class='ocr_carea' id='block_1_5' title="bbox 2202 1532 2209 1626">
    <p class='ocr_par' dir='ltr' id='par_1_5' title="bbox 2202 1532 2209 1626">
     <span class='ocr_line' id='line_1_31' title="bbox 2202 1532 2209 1626; textangle 90"><span class='ocrx_word' id='word_1_221' title='bbox 2205 1616 2209 1626; x_wconf 47' lang='grc' dir='ltr'><em>Α</em></span> <span class='ocrx_word' id='word_1_222' title='bbox 2202 1532 2209 1601; x_wconf 37' lang='grc' dir='ltr'>*ΑΗ</span> 
     </span>
    </p>
   </div>
  </div>
 </body>
</html>
