2209 2712
1110 120 1225 173 »ὲέἐ
1287 116 1480 177 )246(
1545 116 1658 173 &ieo-

658 233 744 305 ipsa
794 232 994 283 transeat,
1046 232 1344 288 cinereumque
1381 232 1518 286 potius
1555 244 1679 285 quam
1715 230 1868 273 flauum
1904 233 2129 288 chymum

657 288 790 339 ieiuni
828 296 993 338 efficiat.
1058 296 1213 338 Acrior
1248 297 1515 349 subtiliorque
1553 309 1643 351 pars
1678 295 1769 336 bilis
1799 299 2004 339 contentis
2041 313 2106 341 ac-

659 362 770 402 cedit
805 361 1120 410 intestinorum,
1158 362 1230 402 vbi
1266 361 1459 402 extractis
1497 360 1576 399 iam
1611 359 1694 401 fere
1721 359 1889 400 vtilibus
1925 363 2105 404 nutritiis

656 425 785 473 succis
820 426 862 465 in
898 424 1027 465 faeces
1060 423 1259 478 paulatim
1309 425 1575 465 transmutari
1627 424 1842 477 incipiunt.
1921 426 1979 466 Ibi
2016 439 2109 480 par·

658 490 736 544 tim
771 488 987 543 reliquias,
1024 501 1129 540 quae
1163 488 1270 529 forte
1304 487 1438 528 adhuc
1477 489 1625 529 dantur
1660 488 1847 529 ciborum
1885 490 2108 540 resoluere,

656 545 826 598 iuncum
862 565 959 593 cum
995 551 1252 594 tenuioribus
1289 551 1429 607 fluidis!
1454 553 1653 606 copi‹›fis‚
1691 565 1795 605 quae
1833 562 1922 594 tum
1959 566 2107 594 excer-

655 626 837 665 nuntur‚
871 616 1052 668 diluere,
1102 617 1245 656 omnia
1281 617 1323 656 in
1359 629 1483 657 vnam
1522 630 1673 656 nouam
1711 616 1876 656 massam
1913 617 2110 671 aequabi-

656 680 743 723 lem
779 679 986 733 redigere,
1037 680 1188 734 partim
1225 681 1475 735 progressum
1512 680 1631 722 huius
1670 680 1815 719 maffae
1854 693 1924 732 per
1968 680 2109 730 colum

656 755 914 800 promouere
948 743 1220 794 stimulando,
1256 755 1297 784 et
1332 744 1382 784 ad
1416 744 1706 783 excretionem
1745 743 1923 783 aluinam
1961 743 2107 783 sollici-

658 815 769 855 tare,
804 807 978 860 denique
1010 818 1053 848 et
1087 808 1272 849 absorbta
1306 808 1458 860 partim
1497 808 1637 847 reduci
1671 807 1838 847 videtur
1873 809 1982 848 inter
2018 819 2109 847 cae-

656 878 749 910 tera
797 869 895 912 hinc
945 873 1124 924 petenda
1174 871 1367 913 alcalinae
1422 870 1571 910 indolis
1624 872 1829 924 principia
1869 872 1917 910 ad
1953 883 2107 911 venam

657 940 902 988 portarum,
940 947 1171 988 augereque
1205 935 1311 977 hanc
1344 933 1514 976 alteram
1548 944 1709 989 partem
1744 934 1946 974 materiae
1977 946 2109 976 nouae

658 993 951 1051 producendae
986 996 1092 1039 bilis.

837 1126 1036 1176 Deinde,
1070 1134 1118 1166 vt
1144 1125 1345 1176 solemus,
1382 1139 1456 1166 nec
1490 1138 1710 1178 perperam
1744 1125 1879 1173 forte,
1914 1124 2110 1178 quicquid

649 1198 733 1234 :aut
764 1190 865 1232 boni
899 1201 970 1232 aut
1003 1189 1115 1230 vtilis
1152 1201 1208 1229 ex
1244 1189 1384 1242 aliquo
1419 1198 1584 1230 naturae
1614 1193 1741 1240 opere
1777 1187 1867 1228 fieri
1901 1190 2011 1242 poffe
2047 1189 2110 1228 in-

659 1255 914 1308 telligimus,
967 1255 1009 1296 id
1042 1253 1116 1293 fini
1153 1253 1376 1294 adscribere
1411 1263 1453 1294 et
1487 1254 1790 1307 praemeditato
1836 1253 2006 1292 confilio
2041 1265 2114 1292 na-

658 1326 799 1364 turae:
835 1318 889 1358 sic
922 1329 1001 1371 ego
1035 1329 1220 1370 quoque,
1273 1330 1368 1358 cum
1420 1317 1529 1358 haud
1581 1329 1704 1369 parua
1755 1319 1895 1369 portio
1948 1317 2113 1359 omenti

658 1381 745 1429 bile
798 1380 962 1435 perfusa
1011 1380 1256 1433 plerumque
1308 1381 1538 1433 reperitur,
1590 1379 1672 1419 hoc
1707 1391 1759 1418 eo
1792 1379 1883 1420 fieri
1925 1379 2111 1420 fimiliter

659 1445 884 1494 existimo,
934 1452 981 1483 vt
1013 1442 1096 1482 bile
1133 1442 1251 1481 tenui
1287 1441 1419 1481 soluta
1453 1443 1571 1493 adeps
1617 1442 1775 1483 facilius
1827 1443 2111 1497 copiofiusque

661 1506 849 1551 absorbta
897 1508 1040 1557 venis,
1090 1504 1230 1558 hepati
1283 1505 1487 1552 tradatur,
1537 1503 1808 1556 vberiorique
1844 1497 2112 1557 ergo‘nouae,

660 1570 755 1621 bilis
791 1570 1019 1624 prouentui
1054 1567 1214 1609 rursum
1251 1568 1459 1608 inseruiat.
1514 1566 1580 1607 Sic
1615 1566 1771 1618 duplici
1814 1571 1975 1609 ratione
2011 1569 2112 1610 haec

661 1625 799 1677 acrior
832 1632 1132 1685 volatiliorque
1165 1644 1257 1684 pars
1308 1630 1424 1678 bilis,
1477 1642 1605 1683 quae,
1658 1632 1795 1670 minus
1846 1630 2112 1682 edulcorata,

661 1698 805 1745 minus
856 1706 951 1749 apta
993 1697 1070 1736 effe
1104 1695 1272 1736 -videtur
1307 1695 1355 1734 ad
1390 1692 1770 1744 chylificationmn,
1822 1704 2111 1748 praeterquam

662 1761 777 1814 quod
817 1759 928 1801 vsum'
965 1760 1081 1800 suurn
1118 1761 1161 1799 in
1195 1756 1380 1797 foecibus
1416 1756 1705 1799 intestinorum
1740 1756 1966 1798 formandis
2012 1759 2113 1801 edu-

662 1823 884 1876 cendisque
919 1823 1115 1877 praestat,
1167 1821 1215 1860 ad
1251 1820 1555 1861 confectionem
1608 1819 1700 1861 bilis
1749 1832 1916 1873 quoque
1953 1824 2116 1863 contri-

662 1886 776 1942 buit,
813 1887 1002 1940 augendo
1035 1887 1095 1928 fui
1126 1886 1278 1925 acceffu
1313 1885 1420 1925 acria
1455 1881 1628 1926 alcalina
1659 1885 1888 1938 principia,
1923 1893 1964 1923 et
2000 1885 2120 1924 exci-

663 1951 791 1999 tando
818 1950 1028 1996 ..solutione
1080 1949 1209 2002 adipis
1259 1948 1488 2001 epiploicae
1542 1949 1746 1987 maiorem
1797 1947 1963 2001 copiam
1997 1948 2117 1990 oleo,

659 2013 813 2057 sorum.

1022 2117 1785 2148 m

1979 2185 2115 2235 'DE-
2168 2170 2170 2173 ’
