2209 2712
995 146 1108 189 ω
1177 140 1371 198 >410<

602 261 673 301 Ex
709 258 871 300 Tabula
914 260 984 296 ΓΜ
1020 255 1293 309 intelligitur,
1330 269 1404 312 per
1440 265 1577 296 totum
1616 266 1770 296 aunum
1810 256 1945 298 fuisse:

729 356 1012 396 ,altitudinem
1050 354 1376 394 Tliermometri
1431 357 1679 401 minimam,
1735 350 2012 405 scu‘gradum

537 421 703 473 frigoris
744 422 917 460 {uroximi
961 432 1043 457 ⁴:C1
1087 420 1198 469 grad.
1237 419 1380 460 Delisl.
1419 422 1556 460 mense
1602 419 1786 459 Ianuarii
1823 417 1888 456 die
1929 430 2012 464 21,

537 485 641 526 liora
681 488 884 524 matutina
921 485 989 533 ²7⁰3
1026 482 1323 524 Barometrum
1383 494 1482 526 tunc
1538 482 1736 538 temporis
1791 490 2012 521 momento

541 559 611 593 28.
653 554 737 599 563¹
784 547 921 588 Coelo
975 550 1115 589 sereno
1169 548 1397 599 existente,
1448 559 1579 592 vento
1631 548 1781 588 leniter
1828 546 1955 587 flante
1989 558 2012 586 e

534 615 705 668 regione
740 612 843 654 ΝΟ.

725 723 1007 765 Altitudinem
1044 721 1365 763 Thermometri
1420 726 1679 771 maximam,
1731 724 1798 763 seu
1833 724 2010 777 gradum

533 789 678 832 caloris
734 791 912 829 maximi
973 801 1058 827 110
1113 788 1227 839 grad.
1264 786 1403 829 Delisl.
1452 789 1519 828 die
1564 801 1616 825 12
1655 787 1856 837 Augusti,
1906 788 2012 828 hora

533 854 853 909 postmeridiana
893 845 980 899 2⁰¹⁶,
1034 851 1334 893 Bai-ometrum
1390 862 1458 901 27,
1503 862 1583 906 393
1641 850 1807 891 coelum
1861 862 2038 904 magna⁴

536 932 591 961 ex
623 928 741 974 parte
777 919 992 968 serenum3
1030 917 1214 956 malacia.
1845 918 1847 920 ·

652 1032 766 1074 Hinc
802 1031 982 1071 variatio
1017 1029 1343 1071 Thermometri
1381 1027 1568 1068 maxima
1603 1042 1658 1078 91
1697 1029 1885 1082 gradum.

732 1126 932 1169 Altitudo
951 1125 1275 1168 Thermometri
1303 1125 1445 1182 media
1476 1126 1585 1165 inter
1615 1137 1760 1166 omnes
1788 1138 1893 1178 quae
1926 1137 2014 1166 ma·
2064 1157 2067 1159 >

534 1204 589 1233 ne
624 1199 666 1232 et
702 1194 869 1245 vespere
905 1191 1145 1231 obteruatae
1180 1192 1363 1237 fuerunt,
1396 1200 1571 1230 inuenta
1604 1190 1659 1230 est
1683 1202 1768 1241 147
1789 1190 2012 1242 graduum:

538 1269 587 1298 ea
624 1266 764 1297 autem
801 1269 906 1310 quae
941 1268 993 1295 ex
1030 1255 1391 1296 obseruationibus
1428 1255 1760 1308 postmeridianis
1797 1265 1916 1296 eruta
1954 1255 2031 1296 est‘

539 1331 745 1374 aequatur
787 1335 872 1371 139
911 1320 1115 1374 gradibus.
1200 1319 1272 1361 Sin
1311 1332 1450 1359 autem
1508 1319 1670 1361 menses
1708 1319 1881 1360 aestiuos
1917 1318 2015 1361 Ma-

538 1386 629 1427 ium
662 1409 703 1417 -
737 1384 998 1433 Ostobrem,
1045 1386 1093 1425 ab
1144 1385 1407 1435 hyemalibus
1454 1384 1615 1424 Ianuar.
1650 1407 1691 1414 —
1725 1383 1863 1437 April.
1899 1382 2017 1428 Nou.

538 1448 769 1491 Decembr.
823 1451 1055 1502 separamus
1111 1451 1344 1503 reperimus
1393 1451 1433 1489 in
1472 1450 1550 1489 illis
1586 1449 1771 1490 calorem
1821 1448 2012 1491 medium

539 1514 657 1556 fuiffe
696 1516 783 1554 126
816 1526 891 1568 gn,
926 1523 966 1553 et
999 1516 1041 1552 in
1079 1512 1142 1553 his
1179 1514 1310 1567 frigus
1345 1515 1530 1554 medium
1575 1516 1662 1552 160
1697 1514 1916 1567 graduum.

729 1624 862 1667 Porro
886 1624 1066 1665 ostendit
1087 1624 1250 1665 Tabula
1274 1628 1315 1662 2⁰
1340 1627 1455 1665 fuisse
1491 1635 1652 1664 tantum
1681 1636 1762 1674 151
1789 1623 1873 1663 dies
1896 1622 2014 1677 frigi-

543 1691 683 1734 diores
733 1690 862 1743 gradu
905 1701 1015 1740 150,
1070 1688 1151 1729 hoc
1189 1689 1246 1729 est
1282 1689 1584 1741 congelationis
1623 1688 1816 1730 naturalis
1864 1688 2014 1728 termi-

543 1768 626 1802 no,
662 1755 776 1795 inter
810 1766 916 1808 quos
949 1754 1120 1806 quidem
1159 1764 1218 1804 77
1253 1753 1420 1795 fuerunt
1455 1753 1566 1800 dies,
1603 1752 1749 1805 quibus
1785 1752 1914 1805 frigus
1950 1752 2014 1792 su-

544 1818 717 1877 perabat
757 1822 843 1858 160
878 1819 1024 1872 gradus
1060 1829 1100 1858 et
1139 1830 1193 1868 35
1226 1819 1312 1858 dies
1349 1817 1497 1871 quibus
1531 1817 1758 1858 excedebat
1799 1827 1885 1866 170
1921 1829 2015 1869 gra·

544 1885 634 1926 dus.
703 1883 751 1924 ln
788 1883 853 1926 his
890 1896 991 1923 vero
1027 1885 1342 1924 numerauimus
1382 1895 1431 1921 11
1471 1882 1557 1922 dies
1592 1880 1830 1934 frigidiores
1882 1881 2013 1934 gradu

549 1958 661 1998 180,
696 1957 738 1989 et
772 1963 804 2000 4
834 1947 1071 2001 frigidiores
1105 1950 1233 2001 gradu
1277 1959 1388 1998 190,
1440 1948 1551 1988 inter
1585 1959 1691 1999 quos
1726 1948 1874 1986 vnicus
1910 1944 2014 1997 fuit,

546 2025 633 2068 quo
666 2011 992 2054 Thermometri
1027 2011 1294 2054 altitudinem
1331 2011 1438 2052 infra
1477 2023 1566 2051 200
1601 2010 1926 2052 obseruauimus.

731 2126 898 2171 Deinde
933 2131 1068 2185 quoad
1105 2132 1318 2185 calorem,
1371 2145 1486 2190 patet
1521 2149 1576 2178 ex
1622 2137 1766 2178 eadem
1819 2133 2011 2187 Tabula,

545 2188 630 2235 hoe
669 2200 787 2244 1779
823 2207 935 2238 anno
968 2195 1082 2241 fuiffe
1120 2201 1210 2251 269
1245 2200 1352 2254 diet»,
1387 2201 1535 2257 quibus
1581 2202 1762 2245 altitudo
1797 2199 2016 2242 Thermo-

1889 2274 2016 2306 metri
