2209 2712
633 172 750 225 ωὲωῖξ,
812 167 1009 229 mss(
1074 169 1190 226 3:230·

172 285 287 330 Nou.
333 294 355 335 5
393 282 544 325 Ianuar
580 293 621 326 et
663 297 718 335 17
754 286 873 328 Febr.
931 286 1085 340 partim
1139 298 1215 340 per
1266 285 1647 339 constructionetm

172 352 325 407 partim
364 362 437 403 per
474 350 677 392 calculum
709 364 844 400 eruta,
885 362 927 392 et
957 365 1140 405 quorum
1182 353 1345 392 mentio
1382 352 1565 393 iniicitur
1601 354 1646 394 in

174 415 531 470 Ephemeridibus
567 415 931 464 Berolinensibus,
968 430 1051 456 non
1090 418 1255 470 poffunt
1292 429 1372 458 non
1411 417 1533 458 valde
1570 418 1645 459 effe

170 480 310 524 dubia.
378 478 447 520 De
484 494 535 520 eo
572 492 711 522 autem
749 496 795 523 vr
831 483 985 523 certior
1020 481 1167 521 fierem
1205 483 1325 523 iuxta
1361 482 1585 523 Elementa
1621 496 1645 522 a

172 544 266 587 Cel.
301 543 476 586 schulze
513 546 689 595 tradita,
726 547 868 588 locum
910 545 1115 587 cometae
1151 560 1226 600 pro
1270 561 1324 596 19
1349 544 1526 587 Octobr.
1568 539 1644 596 17''

172 609 257 661 38¹.
293 607 376 661 43¹¹
412 612 682 662 computaui‚
737 614 894 665 quippe
932 623 1063 663 quum
1103 608 1284 651 Cometa
1320 612 1403 651 hoc
1454 622 1644 663 tempore

169 677 212 718 in
251 676 400 716 vicinia
453 673 568 715 Nodi
605 676 852 716 versaretur.
936 675 1087 716 Inueni
1141 686 1277 716 autem
1327 688 1398 730 per
1434 676 1644 716 calculum

168 741 500 794 Longitudinem
532 737 733 781 Cometae
755 740 1083 783 Geocentricam
1127 741 1176 789 ς’.
1211 742 1270 781 6⁰.
1314 742 1392 788 52¹.
1436 742 1508 788 δ”,
1543 753 1646 792 quae

167 806 430 847 obseruatam
473 817 528 853 23
567 804 724 845 Minut.
765 807 911 859 primis
947 805 1136 854 excedit,
1173 805 1368 846 Latitudo
1403 817 1506 845 vero
1530 801 1645 845 Geo-

168 871 355 910 centrica
390 869 562 908 inuenta
599 869 653 909 est
697 872 750 910 1⁰.
791 869 872 909 20¹.
913 869 1014 921 36‘¹‚
1051 883 1145 911 cum
1184 870 1397 910 obseruata
1429 882 1511 911 non
1549 869 1646 910 effet

167 933 243 975 nist
284 934 342 983 5‘'.
412 933 480 972 Ex
531 932 612 972 hoc
664 934 788 984 igitur
843 935 1067 987 specimine
1120 934 1238 974 facile
1290 933 1431 986 colligi
1486 934 1643 985 potest,

165 1011 292 1052 quam
329 997 456 1050 longe
480 996 702 1037 Elementa
739 999 779 1038 in
811 997 1166 1051 Ephemeridibus
1187 997 1523 1038 Berolinensibus
1563 1008 1645 1038 tra-

165 1064 250 1105 dita
287 1078 307 1104 a
348 1062 523 1102 veritate
561 1063 782 1112 recedant,
838 1064 1085 1115 praeprimis
1133 1063 1229 1113 qnia
1265 1063 1330 1100 die
1377 1076 1429 1110 ¹9
1468 1059 1642 1104 Otstobr.

165 1137 248 1169 tres
284 1127 492 1169 habentur
528 1124 839 1167 oblernationes
877 1140 899 1165 a
938 1124 1029 1166 Cel.
1064 1124 1231 1165 Messier
1267 1126 1501 1175 institutae,
1536 1140 1642 1180 quae

164 1205 247 1235 non
286 1192 419 1232 solnm
456 1190 566 1229 inter
603 1192 640 1229 le
677 1192 862 1243 egregrie
915 1189 1210 1235 consentiunt,
1264 1190 1326 1230 sed
1366 1191 1491 1230 etiam
1539 1203 1642 1231 con-

163 1268 324 1313 gruunt
360 1268 455 1296 cum
494 1253 853 1297 obseruationibus
889 1257 1034 1298 diebus
1071 1254 1419 1309 praecedentibus
1455 1265 1499 1296 et
1532 1255 1641 1297 inse-

162 1320 386 1378 quentibus
402 1349 414 1371 ‚
447 1318 656 1360 institutis.

352 1450 387 1499 §.
433 1461 502 1499 19.
566 1447 637 1488 Ex
673 1447 996 1500 comparatione
1032 1446 1359 1490 Elementorum
1398 1450 1638 1492 nostrorum

161 1513 343 1555 secundo
378 1524 420 1555 et
457 1514 582 1554 tertio
617 1513 714 1553 loco
750 1512 1087 1566 propositorum,
1125 1527 1293 1568 quoque
1327 1517 1527 1556 concludi
1563 1529 1640 1569 po-

164 1579 239 1620 test
276 1580 326 1619 de
362 1578 694 1626 mutationibus,
752 1590 858 1630 quae
894 1576 1129 1620 Elementis
1167 1580 1421 1620 inducuntur
1456 1590 1638 1633 propter

161 1655 328 1684 errores
367 1643 407 1683 in
445 1643 806 1684 obseruationibus
845 1644 984 1682 mense
1015 1642 1173 1696 Aprilis
1213 1645 1406 1684 institutis
1446 1644 1636 1686 latentes.

158 1706 384 1762 Suppolito
420 1710 548 1761 igitur
583 1708 695 1761 quod
733 1710 912 1748 variatio
964 1720 1042 1760 pro
1096 1708 1376 1760 Longitudine
1429 1706 1636 1751 Cometae

158 1773 225 1813 die
269 1788 324 1825 14
359 1774 518 1827 Aprilis
570 1773 617 1814 fit
661 1787 709 1813 11
753 1772 859 1814 Min.
921 1772 1097 1811 Primor.
1137 1784 1181 1813 et
1218 1787 1294 1827 pro
1330 1774 1569 1814 latitudine
1603 1787 1636 1824 4

157 1834 270 1877 Min.
306 1840 567 1891 primorum,
604 1838 670 1878 vbi
710 1837 912 1892 posterior
948 1840 1202 1878 contrariam
1242 1839 1369 1890 priori
1408 1837 1528 1879 habet
1562 1838 1635 1879 de*

158 1903 529 1954 nominationem3
582 1906 621 1943 in
662 1903 943 1956 Longitndine
980 1900 1096 1942 Nodi
1143 1905 1398 1955 producetur
1450 1904 1633 1944 mutatio

157 1969 281 2008 vnius
320 1967 478 2008 Minut.
514 1968 667 2021 primi,
720 1969 761 2009 in
800 1967 1071 2006 inclinatione
1125 1967 1285 2009 orbitae
1334 1969 1515 2008 mutatio
1550 1967 1631 2008 erit

156 2030 277 2073 duor.
329 2031 486 2075 Minut.
523 2034 764 2087 primorum
821 2044 917 2071 cnm
970 2031 1179 2082 dimidio,
1233 2046 1308 2086 pro
1347 2031 1631 2087 Plongatione

155 2095 347 2138 Perihelii
380 2112 402 2139 a
439 2097 568 2138 Nodo
621 2097 797 2137 variatio
833 2097 912 2137 erit
957 2109 1005 2136 11
1050 2096 1211 2138 Minut.
1249 2098 1423 2151 primor.
1495 2094 1630 2139 Velox·

156 2162 492 2216 semiparametei
548 2161 780 2202 mutabitur
831 2161 1066 2214 quantitate
1117 2168 1521 2213 :0,0117853‚
1578 2162 1630 2203 de

158 2226 396 2269 variatione
430 2226 782 2272 Excentricitatis
831 2227 915 2268 iam
954 2227 1074 2281 iupra
1105 2227 1291 2271 vidimus
1306 2255 1330 2278 ,f
1368 2225 1628 2281 deniquevin

872 2288 957 2344 Yy
996 2304 1023 2332 2
1517 2301 1629 2332 tem-
