2209 2712
998 150 1117 204 »ἐξ
1180 145 1380 209 5232(
1443 148 1562 201 &223⁴-

545 268 741 310 vasorum
792 267 955 322 hepatis
1006 267 1220 322 penderet.
1305 263 1420 306 Mihi
1471 263 1564 304 sane
1613 262 1683 305 vel
1728 262 1866 307 solum
1917 266 2023 311 illut}

547 333 665 374 ieteri
701 332 750 374 ab
783 332 1068 374 obstructione
1104 331 1261 384 hepatis
1298 339 1594 382 argumentum
1641 330 1890 383 opinionem
1926 345 2019 375 eam

548 397 757 438 destruere
793 397 970 438 videtur.
1055 394 1099 434 Si
1155 394 1295 447 anguli
1339 394 1532 435 vasorum
1567 395 1610 434 in
1646 392 1821 447 hepate,
1872 395 1901 435 fi
1936 397 2023 438 vlla

547 463 869 503 secretoriorum
906 461 1108 501 ductuum
1141 458 1331 500 conditio
1366 457 1484 499 causa
1517 459 1620 500 effer
1653 458 1722 499 vel
1756 461 2017 512 generandae

547 526 616 568 v'el
650 526 878 567 eliciendae
914 537 970 566 ex
1006 523 1227 577 sanguine,
1279 531 1352 564 aut
1386 523 1683 572 secernendae,
1735 522 1853 572 bilis,
1888 526 2020 577 adeo,

544 602 591 632 vt
639 591 711 632 nisi
763 589 962 645 peculiari
1015 588 1171 629 horum
1225 588 1427 629 ductuum
1480 586 1662 628 artificio
1698 597 1741 629 et
1775 588 2020 633 interuentu

545 655 658 696 nulla
694 655 735 695 in
773 667 952 709 corpore
989 655 1131 695 nostro
1166 652 1260 693 bilis
1309 653 1414 693 oriri
1461 651 1605 706 poffit3
1658 651 1773 694 nulla
1808 654 1899 694 sane
1936 656 2024 697 ori-

542 728 682 766 retur,
731 733 827 762 cum
865 720 1010 761 duetus
1048 719 1111 759 isti
1147 717 1325 770 vasaque
1362 717 1570 758 obstructa
1604 716 1711 757 sunt.
1795 715 1884 759 Iam
1920 732 2024 762 con-

543 793 607 824 tra
643 779 789 825 omnia
827 786 967 838 potius
1002 783 1084 825 bile
1120 782 1314 823 inundari
1351 782 1492 831 vides,
1538 781 1604 822 his
1638 781 1741 821 vasls
1776 780 2022 839 obstrusti53

544 860 678 902 prope
715 860 763 889 vt
799 850 1004 890 maiorem
1043 860 1153 889 nunc
1189 860 1314 901 quam
1350 846 1392 886 in
1430 846 1533 887 statu
1587 845 1764 886 naturali
1814 848 1904 887 eius
1948 861 2022 891 co·-

541 912 656 966 piam
693 915 871 963 produci
908 914 1060 954 credas.
1130 911 1357 954 Vniuersus
1391 910 1552 963 sanguis
1586 909 1786 963 oppletus
1821 911 1879 951 est
1913 911 2020 965 bile·,

545 975 766 1029 albuginea
809 976 1035 1018 oculorum
1071 976 1203 1026 cutis,
1255 975 1474 1024 cellulosa,
1526 974 1737 1016 flauedine
1774 974 2020 1029 tinguntur,

542 1050 585 1080 et
621 1053 717 1080 cum
755 1041 876 1081 vrina
910 1041 1003 1082 bilis
1040 1040 1259 1093 mingitur.
1341 1038 1456 1095 Quid
1510 1038 1623 1079 aliud
1659 1051 1760 1091 ergo
1794 1037 1878 1080 hoc
1911 1040 2024 1081 indi-

543 1112 633 1151 cat,
669 1103 742 1144 nisi
780 1104 848 1144 sua
885 1114 1031 1144 natura
1068 1104 1195 1145 bilem
1231 1104 1396 1152 {uisque
1432 1102 1592 1143 viribus
1627 1113 1683 1141 ex
1717 1102 1916 1155 sanguine
1948 1116 2024 1146 ve-

540 1180 618 1208 nae
654 1177 872 1222 portarum
910 1168 1107 1222 progigni
1142 1166 1301 1221 absque
1337 1165 1424 1207 vlla
1467 1165 1671 1206 ductuum
1724 1163 2022 1221 hepaticorum

544 1233 829 1285 adminicu103
883 1233 1029 1286 suscipi
1083 1243 1228 1274 tamen
1266 1230 1331 1271 his
1368 1228 1560 1272 ductibus
1598 1242 1679 1271 vna
1714 1242 1811 1272 cum
1846 1234 1937 1275 sero
1972 1242 2021 1276 et

543 1296 720 1350 separari
757 1311 780 1337 a
814 1309 988 1348 cruore,
1023 1299 1138 1352 quod
1173 1296 1217 1339 ni
1251 1295 1348 1348 fiat,
1397 1295 1588 1352 generari
1622 1303 1765 1338 tamen
1799 1305 1842 1339 et
1874 1311 2022 1342 mane·

540 1374 590 1403 re
624 1362 668 1402 in
702 1362 912 1416 languine.

733 1479 881 1534 Atque
916 1492 970 1522 ne
1016 1482 1064 1522 ad
1099 1479 1333 1536 simplicem
1368 1478 1675 1534 susceptionem
1713 1493 1756 1524 et
1792 1485 2032 1539 separatio-r

543 1558 642 1590 nem
694 1545 892 1598 quidem,
942 1547 1096 1588 nedum
1133 1547 1183 1586 ad
1217 1545 1552 1599 productionem·
1593 1545 1727 1588 biliofi
1778 1550 1856 1590 seri
1900 1550 2023 1602 quid·

541 1623 671 1665 quam
707 1612 929 1665 praecipue
965 1611 1077 1666 posse
1111 1611 1307 1652 videntur
1356 1611 1453 1651 vasa
1501 1608 1718 1664 hepatica3
1769 1623 1817 1653 vt
1858 1613 2022 1656 facilius

544 1676 707 1733 saltim,
760 1685 830 1716 aut
865 1677 1101 1732 promtius,
1153 1675 1357 1730 hepaticis
1408 1686 1536 1728 quarn
1590 1675 1772 1718 aliorum
1808 1678 2022 1720 viscerum

543 1739 762 1788 ductibus,
813 1741 948 1783 serum
1003 1740 1197 1782 biliosum
1240 1739 1528 1793 susciperetur.
1618 1737 1799 1782 Renales
1849 1742 2021 1794 ductus,

545 1804 750 1860 hepaticis
785 1805 1033 1857 obstructis,
1069 1818 1200 1858 aeque
1236 1817 1281 1846 ac
1316 1805 1380 1845 isti
1413 1804 1583 1846 laticem
1617 1804 1812 1847 biliosum
1848 1804 2020 1862 suscipi·

544 1879 645 1921 unt,
698 1880 740 1910 et
777 1885 800 1912 a
832 1884 983 1913 cruore
1021 1873 1228 1925 separant,
1281 1879 1322 1910 et
1355 1871 1448 1909 vasa
1466 1871 1759 1924 ‘quaecunque
1805 1872 1938 1914 setosa
1971 1872 2018 1913 in

546 1934 790 1988 albuginea,
841 1937 883 1976 in
920 1949 1013 1978 cute
1048 1935 1264 1983 Vniuersa,
1315 1934 1357 1974 in
1396 1936 1516 1975 omni
1569 1934 1770 1977 cellulola
1817 1938 2018 1977 cruorem

545 2000 679 2040 modo
712 2001 898 2054 augustia
933 2002 1002 2041 sua
1038 2000 1285 2048 excludant,
1337 1998 1447 2039 haud
1501 2002 1640 2040 minus
1693 2013 1820 2052 quam
1869 2001 2016 2042 ductus

545 2062 729 2117 hepatici
780 2068 946 2109 laticem
1001 2065 1200 2106 biliosum
1253 2062 1473 2117 suscipiunt
1522 2064 1816 2117 separantque‚
1863 2076 2015 2117 quem,

546 2127 678 2179 qualis
715 2131 755 2168 in
792 2143 887 2172 cute
920 2140 961 2172 et
996 2131 1213 2183 albuginea
1266 2127 1436 2179 haeret,
1488 2128 1517 2169 fi
1552 2129 1873 2169 committerent
1908 2128 2018 2174 vess-

549 2190 664 2244 culge
698 2192 861 2245 semeae,
897 2197 1129 2238 eandemne
1163 2203 1287 2250 putes
1322 2192 1449 2237 bilem
1483 2193 1581 2235 inde
1615 2202 1859 2244 maturam,
1908 2205 2015 2248 quae

1696 2271 1698 2273 ’
1960 2267 2017 2299 CX
