2209 2712
1043 167 1159 220 »ἓξ-ξ
1224 164 1420 223 >210(
1484 159 1598 216 ἓζεξιὲ-

589 292 719 325 tamen
755 281 893 338 paffim
927 280 1051 333 fieri,
1102 280 1168 321 vti
1211 288 1270 322 tot
1304 279 1389 321 alia
1423 290 1509 322 tam
1536 275 1699 334 physica
1734 292 1850 335 quam
1885 283 2050 325 moralia

589 348 723 404 mala,
753 345 906 390 Numen
941 344 1133 397 concefflt.

776 474 868 515 Nec
914 473 1007 513 solis
1043 471 1086 512 in
1127 472 1320 513 monstris
1373 480 1538 520 autem,
1591 484 1725 525 neque
1761 472 1803 513 in
1840 472 1889 514 iis
1924 482 2050 527 atque

588 537 633 579 in
667 537 988 579 indiuiduahbus
1025 536 1146 578 fimul
1182 537 1391 578 structuris
1427 537 1693 578 variabilibus
1724 537 1844 586 solis,
1878 537 1946 578 sed
1982 548 2046 579 et-

588 602 673 643 iam
710 602 752 641 iu
789 603 874 657 ipsa
909 612 951 642 et
987 601 1171 643 naturali
1208 611 1251 642 et
1286 602 1403 643 solita
1457 601 1745 654 constantique
1790 611 1912 656 atque
1955 615 2053 657 per-

588 677 716 720 petua
750 667 949 708 strustura
984 666 1183 718 exempla
1218 676 1445 707 occurrunt
1501 675 1613 706 certa
1664 677 1843 719 operum
1892 667 2053 720 imper-

586 729 798 771 sectorum
835 742 957 783 atque
993 730 1228 780 inutilium;
1280 731 1409 773 modo
1445 739 1491 770 vt
1526 740 1667 770 cautos
1705 742 1780 769 nos
1814 730 1891 771 esse
1928 744 2056 784 opor·

589 801 676 835 teat
709 794 751 836 in
786 795 1058 836 diiudicandis
1111 793 1260 836 finibus
1314 805 1509 843 naturae,
1555 794 1802 847 quibuscum
1838 795 1946 836 haud
1982 809 2056 850 pa·

588 858 692 900 riter
730 868 851 911 atque
888 872 985 900 cum
1021 860 1127 907 illis,
1163 872 1269 913 quos
1304 859 1516 900 frustratos
1551 857 1747 899 haetenus
1783 859 1826 898 in
1863 860 2056 900 monstris

586 930 629 962 et
664 923 707 962 in
742 923 1012 964 varietatibus
1049 923 1257 974 vidimus,
1309 932 1600 977 comparatum
1638 922 1720 970 est,
1771 922 1930 975 quique
1974 935 2059 964 non

587 985 663 1027 nifi
698 987 920 1041 postremis
957 987 1124 1028 tandem
1162 988 1562 1028 considerationibus
1609 985 1876 1040 apparebunt.
1948 985 2058 1027 Ura-

586 1050 689 1091 chus
725 1052 768 1091 in
805 1055 918 1092 foetu
952 1050 1141 1093 humano
1176 1052 1347 1104 longior
1382 1065 1514 1102 nunc,
1564 1064 1673 1093 nunc
1709 1050 1899 1099 breuior,
1952 1062 2057 1090 nun-

589 1126 715 1167 quam
755 1123 894 1155 tamen
931 1127 1005 1168 per
1041 1125 1179 1154 totum
1233 1115 1467 1155 funiculum
1503 1114 1789 1154 vmbilicalem
1836 1114 2055 1156 continua-

590 1186 653 1220 tus
705 1180 940 1232 1·eperitur;
991 1191 1067 1218 nec
1122 1190 1309 1230 vnquam
1362 1176 1578 1218 obseruata
1630 1177 1822 1218 assantois
1882 1178 1966 1227 est,
2016 1180 2058 1220 in

590 1254 717 1295 quarn
753 1241 822 1284 ille
856 1242 1078 1296 aperiatur.
1159 1240 1259 1282 Siue
1295 1242 1414 1282 omni
1453 1245 1522 1282 viu
1558 1254 1659 1295 ergo
1694 1242 1738 1282 in
1775 1255 1952 1297 corpore
1984 1243 2060 1286 hu-

592 1318 721 1347 mano
757 1305 925 1358 quidem
964 1306 1075 1346 hunc
1106 1305 1278 1347 ducrum
1315 1307 1504 1354 existere,
1542 1307 1714 1347 dubium
1754 1318 1838 1346 non
1874 1308 1954 1358 est3
1987 1320 2061 1348 ne-

592 1383 675 1423 que
707 1369 803 1411 finis
838 1371 880 1409 in
916 1381 966 1410 eo
1000 1377 1171 1409 naturae
1209 1383 1394 1422 vnquam
1433 1371 1551 1411 nobis
1598 1379 1781 1424 pateret,
1833 1370 1906 1411 nisi
1940 1371 1982 1411 in
2017 1385 2063 1411 av

595 1434 818 1474 nimalium
858 1432 1058 1474 structura
1093 1444 1189 1472 eum
1229 1435 1555 1485 percepissemus,
1594 1437 1632 1473 in
1672 1434 1820 1485 quibus
1858 1434 2060 1478 urachum

593 1498 784 1551 amplum
822 1510 876 1538 ex
913 1495 1049 1536 vesica
1083 1508 1157 1548 per
1193 1504 1330 1536 totum
1368 1495 1599 1537 funiculum
1639 1498 1922 1538 vmbilicalem
1961 1512 2063 1540 con-

594 1563 750 1603 tinuari
787 1561 975 1603 videmus
1010 1561 1053 1600 in
1089 1558 1359 1601 allantoidem
1410 1573 1565 1613 vsque,
1617 1559 1833 1601 multoties
1869 1561 1957 1614 ipsa
1988 1575 2062 1603 ve-

594 1627 674 1668 fica
709 1626 940 1675 maiorem,
974 1637 1085 1678 quo,
1138 1624 1356 1677 postquam
1407 1624 1566 1677 repieta
1613 1624 1747 1665 vesica
1782 1625 1880 1665 effer
1919 1627 2066 1676 vrina,

593 1691 697 1739 haec
731 1702 861 1745 porro
897 1689 996 1730 inde
1031 1689 1080 1729 ad
1125 1687 1394 1728 allantoidem
1447 1689 1624 1737 deduci,
1676 1689 1718 1727 in
1770 1701 1923 1742 eaque,
1974 1703 2063 1744 quo

594 1767 729 1807 Vsque
764 1757 807 1795 in
842 1764 963 1796 vtero
1007 1762 1200 1794 materno
1252 1754 1388 1792 foetus
1440 1753 1608 1802 haeret,
1659 1754 1869 1794 contineri
1924 1766 2064 1805 queat.

596 1818 686 1860 vbi
736 1817 844 1859 solus
896 1818 1219 1870 dustusergm
1271 1816 1466 1870 idemque
1517 1816 1678 1866 breuis,
1728 1827 1768 1857 et
1804 1818 1853 1858 ad
1889 1818 2061 1864 initium

598 1883 730 1925 modo
763 1882 939 1923 funiculi
973 1893 1106 1936 vsque
1141 1880 1432 1929 continuatus,
1483 1881 1648 1927 existit,
1694 1881 1764 1921 vbi
1803 1881 1963 1924 nullum
2000 1894 2069 1922 re-

600 1947 866 2002 ceptaculum
903 1958 1034 2001 porro
1070 1946 1152 1995 est,
1188 1945 1230 1984 in
1268 1945 1379 1998 quod
1416 1945 1453 1987 se
1487 1946 1558 1986 iste
1595 1943 1807 1999 effundat3
1844 1958 1982 1988 nonne
2017 1945 2067 1986 fi-

601 2013 640 2052 bi
676 2011 751 2066 ipfi
784 2011 948 2065 suisque
981 2009 1133 2051 finibus
1169 2007 1227 2049 ibi
1265 2011 1474 2050 contraria
1524 2010 1665 2064 potius
1702 2021 1851 2051 natura
1886 2011 1965 2050 effe
1999 2011 2067 2050 vi-

599 2075 784 2123 debitur,
820 2089 928 2130 quae
961 2075 1218 2128 perforatam
1256 2072 1339 2115 hoc
1375 2074 1498 2116 dudtu
1545 2074 1720 2118 vesicam
1759 2074 1987 2114 vrinariam
2023 2083 2066 2116 et

597 2138 838 2180 effluentem
875 2139 1163 2186 fabricauerir‚
1198 2150 1304 2192 quae
1341 2147 1480 2180 tamen
1515 2140 1712 2180 destinata
1743 2139 1841 2179 esset
1876 2138 1926 2179 ad
1962 2150 2070 2178 con·

599 2203 814 2248 tinendam
864 2200 1063 2246 Vrinam}
1115 2201 1185 2246 Sic
1243 2202 1523 2247 indicaremus
1556 2204 1608 2245 de
1644 2201 1803 2243 uracho
1851 2202 2067 2249 humano,

1989 2264 2068 2307 nist
