2209 2712
539 188 653 240 {03
701 183 734 242 ,)
773 196 862 237 357
900 183 915 240 (
981 188 1097 239 &2230-

81 312 217 345 autem
256 300 442 344 Perihelii
475 314 495 341 a
530 300 688 354 Nodo‚
712 306 768 342 ‘vt
804 301 932 342 etiam
971 300 1114 341 valore
1151 298 1480 356 semiparametri
1512 311 1555 345 et

81 369 411 410 excentricitatis
448 366 589 421 paullo
626 366 758 409 maior
792 368 872 408 erit
906 366 1173 409 incertitudo.

268 504 302 550 ξ.
343 514 414 544 2οΠ
499 500 720 554 Siquidem
777 501 975 557 exemplo
1029 499 1152 542 huius
1209 496 1413 541 cometae
1468 501 1553 541 iam

80 566 402 620 comprobatum
440 567 509 618 fit,
544 566 635 607 fieri
673 567 821 620 vtique
859 561 999 620 poste,
1046 577 1093 605 vt
1128 578 1290 605 errores
1331 576 1555 619 praegran-

79 632 148 672 des
187 635 227 670 in
267 632 592 672 determinandis
647 632 999 684 Longitudinibus
1038 642 1080 670 et
1119 630 1424 670 Latitudinibus
1475 628 1554 668 hu-

77 697 262 737 iusmodi
298 695 522 737 Astrorum
561 698 774 736 committi
821 707 996 749 queant3
1053 706 1231 748 aequum
1271 695 1325 734 est
1363 704 1410 734 vt
1444 705 1556 742 non-

77 761 191 802 nulla
246 756 493 802 moneamus
529 764 577 803 de
615 761 766 809 dubio,
821 763 932 813 qnod
971 774 1026 801 ex
1062 760 1141 801 hoc
1179 759 1313 812 cupite
1366 758 1551 811 proponi

77 828 212 880 poflet
263 836 410 866 contra
465 826 646 865 nostram
695 826 1094 866 determinationem
1135 836 1211 877 pro
1249 833 1442 876 tempore
1478 822 1551 863 Pe-

75 890 240 931 riodico
293 886 498 929 Cometae
551 888 635 928 An.
681 900 800 938 1770
839 890 1071 933 obsti-uati,
1124 889 1174 928 de
1211 900 1296 939 quo
1346 889 1548 928 nimirum

76 954 263 1003 constat,
301 954 412 1006 quod
451 954 607 993 vltimo
644 964 838 1005 tempore
876 954 965 992 snae
1002 953 1304 1005 apparitionis,
1351 963 1436 991 non
1476 951 1549 990 niti

77 1032 173 1060 cum
227 1030 379 1071 magna
430 1016 677 1057 difficultate
726 1017 938 1059 obseruari
993 1019 1209 1070 potuerit,
1262 1016 1373 1055 vnde
1428 1013 1548 1055 facile

75 1083 322 1136 contingere
360 1084 525 1136 potuit,
558 1092 604 1122 vt
640 1081 1001 1121 obseruationibus
1041 1081 1184 1120 diebus
1223 1080 1461 1132 praesertim
1493 1092 1548 1128 29

76 1147 191 1201 Sept.
234 1161 252 1185 1
294 1157 335 1187 et
374 1162 398 1186 2
440 1144 593 1187 Ooob.
649 1145 874 1191 institutis,
929 1158 1088 1186 errores
1127 1144 1371 1196 infigniores
1425 1145 1549 1184 inesse

74 1222 245 1267 queant.
315 1211 382 1251 Ad
421 1211 525 1251 haec
564 1211 688 1264 igitur
725 1210 1044 1263 respondemus,
1082 1209 1108 1249 si
1145 1211 1195 1249 de
1234 1209 1316 1248 iola
1353 1208 1554 1261 possibili-

76 1287 161 1317 tate
198 1277 335 1316 sermo
363 1275 437 1324 fit,
475 1285 562 1315 tum
602 1276 671 1316 etsi
711 1288 859 1326 negare
899 1289 981 1314 non
1022 1275 1288 1314 sustineamus
1325 1271 1416 1313 fieri
1453 1284 1550 1326 pos-

73 1343 139 1393 se,
173 1351 219 1381 vt
253 1340 316 1380 his
352 1340 710 1381 obseruationibus
749 1340 948 1379 senfiblles
995 1339 1115 1379 insint
1164 1351 1349 1389 errores,
1404 1347 1543 1378 tamen

74 1419 168 1448 eam
205 1405 337 1445 solum
375 1404 429 1444 ob
465 1406 672 1445 rationem
729 1417 813 1443 non
867 1417 1045 1457 aequum
1085 1404 1185 1452 esse,
1242 1413 1287 1444 vt
1324 1403 1547 1445 Elementa

76 1471 235 1514 orbitae
270 1470 533 1515 reiiciantur,
586 1483 691 1523 qnae
729 1482 812 1508 non
853 1471 982 1509 modo
1020 1468 1105 1517 his,
1163 1468 1227 1508 sed
1265 1468 1436 1520 reliquis
1474 1467 1550 1506 ob-

76 1534 378 1576 seruationibus
415 1535 605 1589 adprime
644 1534 911 1576 satisfaciunt.
973 1532 1138 1574 Deinde
1175 1533 1335 1574 etiamsi
1372 1531 1436 1572 his
1473 1531 1548 1573 ob-

76 1599 380 1641 seruationibus
418 1601 585 1653 quidam
626 1600 794 1641 inessent
823 1611 1008 1647 errores,
1050 1610 1188 1639 tamen
1226 1598 1332 1637 adeo
1369 1596 1545 1649 insignes

76 1666 153 1720 effe
191 1674 425 1720 nequeunt,
461 1674 506 1704 vt
543 1675 706 1718 tempus
745 1665 1010 1705 Pei-iodicum
1050 1667 1194 1704 decem
1233 1674 1440 1703 annorum
1477 1661 1548 1701 ad-

76 1730 187 1769 mitti
223 1732 379 1783 posset‚
432 1730 673 1783 praesertim
711 1733 807 1782 qnia
854 1740 941 1770 tum
996 1728 1180 1779 reliquae
1234 1726 1545 1768 obseruationes

76 1793 216 1834 mense
268 1792 526 1847 Septembris
581 1796 788 1835 institutae
827 1795 915 1848 pins
960 1792 1024 1831 vel
1080 1792 1216 1832 minus
1271 1790 1546 1831 redderentur

74 1870 287 1898 erroneae.
355 1857 553 1911 Denique
589 1859 622 1899 fi-
653 1860 845 1899 omnium
902 1858 1011 1896 circa
1062 1856 1173 1896 hunc
1211 1852 1436 1896 Cometam
1482 1856 1548 1895 in-

74 1922 305 1963 stitutarum
346 1923 680 1971 obseruationum
730 1925 930 1964 habeatur
965 1921 1198 1974 respcetus,
1250 1919 1542 1974 praetermissis

72 1986 204 2027 solum
243 1985 400 2028 vltimis
423 1987 552 2027 tribus
574 1987 776 2029 Cometae
804 1985 1184 2035 obseruationibus,
1220 1988 1294 2025 vix
1322 1997 1366 2026 ac
1397 1997 1447 2025 ne
1466 1986 1544 2025 vix

71 2052 238 2104 quidem
269 2050 403 2091 orbita
431 2052 612 2106 eliiptica
641 2067 718 2106 pro
749 2063 942 2105 tempore
971 2050 1187 2091 Periodico
1219 2049 1371 2104 septem
1411 2063 1543 2090 anno-

71 2129 165 2156 rum
201 2117 378 2156 inueniri
416 2119 602 2171 poterit,
657 2116 823 2168 singulis
860 2115 1216 2156 obieruationibus
1252 2116 1308 2155 ita
1345 2114 1542 2156 satisfaci-

71 2193 170 2227 ens,
223 2191 270 2220 vt
306 2194 466 2222 errores
514 2195 597 2221 non
652 2183 856 2235 prodeant
907 2181 1051 2222 decem
1108 2180 1265 2225 Minut.
1303 2181 1540 2232 primorum

69 2258 150 2300 pro
185 2244 547 2288 obseruationibus
584 2246 732 2288 Mense
766 2246 942 2289 Aueusti
979 2245 1200 2298 institutis,
1252 2245 1392 2299 quales
1428 2257 1542 2286 erro-

54 2323 63 2327 ’·
824 2311 911 2365 Yy
950 2324 973 2361 3
1475 2319 1540 2349 res
