2209 2712
545 151 661 204 »ἓτὲἐ
725 146 742 210 )
780 160 868 204 359
906 148 922 210 (
987 151 1105 206 &taem

761 281 878 325 DE

88 345 92 417 f
143 370 708 427 PERTVRBATIONE
757 375 833 427 IN
890 361 1097 428 MOTV
1157 370 1500 433 TELLVRIS

122 472 123 475 ’
760 479 803 522 Α
839 477 874 519 Β
1552 497 1554 499 ’

230 568 807 644 ACTIONE
873 571 1401 647 VENERIS

618 690 1018 737 ORIVNDA.

722 877 915 919 Auctore

559 971 609 1014 A.
661 971 692 1012 Ι.
743 972 777 1014 L
797 973 833 1014 E
853 974 948 1015 XE
967 972 1001 1014 L
1024 973 1073 1016 L.

759 1206 792 1255 ξ.
836 1217 872 1244 1.

74 1292 242 1411 Cum
294 1299 465 1341 illustris
512 1300 685 1342 Eulems
738 1303 779 1342 in
817 1301 930 1343 Nou.
972 1297 1220 1346 comment.
1257 1301 1390 1345 Tom.
1427 1302 1554 1348 XVI.

204 1378 354 1407 nonam
393 1376 433 1406 et
465 1365 712 1419 singularem
751 1367 978 1407 tradidisset
1004 1366 1264 1410 Methodum
1303 1383 1383 1424 pro
1417 1371 1557 1412 deter-

76 1431 273 1473 minanda
311 1429 627 1484 perturbatione
663 1433 705 1472 in
744 1441 865 1472 motu
905 1431 1088 1481 telluris,
1126 1433 1176 1473 ab
1214 1435 1379 1476 afflone
1410 1433 1556 1476 Vene-

72 1497 154 1550 ris,
209 1508 382 1548 meaque
419 1508 545 1549 opera
582 1507 670 1536 tum
711 1496 797 1538 vsus
836 1495 907 1545 fit,
962 1496 1010 1536 ad
1048 1502 1372 1554 computandam
1411 1499 1557 1541 Tabu-

69 1561 154 1602 lam
191 1573 269 1614 pro
304 1561 376 1601 ista
429 1560 775 1614 perturbatione,
832 1574 937 1614 quae
988 1563 1087 1614 quia
1140 1564 1258 1605 valde
1320 1565 1555 1618 discrepans

69 1627 244 1667 inuenta
295 1626 374 1676 est,
428 1626 476 1666 ab
524 1626 572 1666 iis
610 1628 815 1672 numeris,
867 1639 968 1679 quos
1004 1623 1149 1668 Celeb.
1187 1630 1238 1668 de
1276 1629 1311 1669 la
1347 1627 1476 1669 Caille
1511 1637 1553 1669 et

70 1690 218 1732 Tobias
251 1689 443 1741 Mayerus
479 1691 566 1732 aliis
602 1691 819 1745 principiis
857 1691 1106 1743 insistentes,
1145 1694 1423 1746 inuenerunt3
1462 1706 1554 1734 me-

68 1757 153 1796 rito
188 1755 363 1808 suspicio
397 1755 547 1797 oborta
584 1756 665 1807 est,
718 1769 767 1797 nn
803 1756 1032 1797 diuerfirati
1085 1756 1428 1808 Metlwdorum,
1482 1767 1554 1798 vt-

66 1833 161 1860 rum
208 1823 315 1860 vero
351 1821 484 1861 errori
519 1822 558 1860 in
598 1821 765 1861 calculis
819 1821 1066 1870 commisso,
1124 1820 1226 1863 haec
1278 1822 1546 1876 discrepantia

68 1884 286 1926 tribuenda
338 1885 444 1925 effer.
533 1884 647 1925 Dum
705 1887 830 1939 igitur
868 1898 998 1938 nuper
1050 1884 1216 1926 iliustrls
1254 1886 1419 1929 Galliae
1454 1887 1553 1928 Μει-

67 1948 318 1989 thematicus
380 1948 427 1991 de
473 1951 515 1991 la
552 1950 692 2003 Place,
729 1948 876 1992 Celeb.
912 1951 962 1989 de
998 1948 1037 1989 la
1071 1948 1213 1992 Laude
1247 1965 1344 1993 eum
1383 1951 1460 1992 hac
1497 1953 1548 1993 de

65 2027 109 2072 re
155 2015 391 2064 sciscitanti,
440 2019 480 2058 in
518 2016 669 2057 litteris
718 2015 887 2070 priuatis
927 2023 1114 2055 mentem
1165 2017 1443 2070 exposuisset,
1501 2016 1552 2058 fi-

66 2079 236 2135 mulque
289 2082 464 2134 rogasset
499 2091 545 2121 vt
580 2080 874 2121 Illustriffimus
929 2078 1102 2121 Eulerus
1146 2089 1189 2121 et
1237 2094 1316 2136 ego
1366 2082 1418 2122 de
1466 2080 1547 2128 hac

65 2144 305 2197 quaestione
341 2145 583 2188 sententiam
624 2145 805 2185 nostram
840 2156 1177 2198 exponeremus3
1216 2160 1347 2200 quum
1387 2146 1548 2200 princi-

63 2209 166 2265 palis
203 2209 312 2250 ratio
347 2209 470 2253 huius
507 2210 803 2265 discrepantiae
841 2210 974 2253 errori
1009 2211 1052 2251 in
1092 2211 1261 2253 calculis
1290 2225 1316 2254 a
1337 2224 1398 2254 me
1427 2223 1547 2252 com-

74 2276 94 2292 *
1424 2277 1543 2317 miffo
