2209 2712
641 188 754 239 ··›223{
818 182 834 243 )
873 190 962 240 ¹67
999 185 1015 244 ί
1080 187 1196 239 &2030-

682 303 1060 363 Corollarium
1114 323 1163 362 2.

363 424 403 473 ξ.
444 433 512 464 xo„
581 420 724 477 Quare
760 424 787 465 fi
824 425 873 466 ab
909 426 1062 466 eodem
1124 424 1264 467 baseos
1316 424 1450 468 fulcro
1502 427 1646 470 duciae

179 486 469 542 concipiantur
502 488 863 541 perpendiculares
900 491 1057 532 Lineae
1092 491 1140 530 ad
1180 491 1414 543 quamlibet
1460 492 1646 548 impulsi-

179 553 270 594 onis
307 551 566 605 tangentialis
601 552 907 603 direffionem,
944 565 991 595 vt
1026 554 1278 609 impulsuum
1317 568 1533 598 momenta
1571 571 1646 598 va-

176 619 236 658 ria
270 615 542 665 definiantur,
584 616 625 655 id
661 618 891 658 attendenti
929 629 1066 672 patet,
1122 620 1171 660 ab
1206 621 1411 662 vmbilico
1449 622 1644 664 Puluinar

175 680 319 723 versus
353 680 462 722 vires
496 679 758 733 impellentes
796 685 958 736 semper
991 684 1152 736 augeri:
1188 687 1328 738 augeri
1364 698 1468 727 vero
1491 700 1513 727 e
1540 700 1643 729 con÷

144 755 236 786 vtra
291 745 426 786 vestes
479 744 777 799 impulsionum
833 761 854 786 a
906 746 1114 790 Puluinari
1177 749 1424 795 vmbilicum
1485 751 1640 798 versus.

173 809 452 865 Quapropter
482 810 690 867 pu‘ndium·
722 812 800 852 erit
835 811 1003 863 aliquod
1039 812 1177 855 Arcus
1228 812 1543 855 semicircularis
1579 819 1639 865 ita

173 874 472 924 constitntum,
505 884 551 915 vt
585 873 737 915 factum
776 889 829 916 ex
865 877 907 915 vi
945 875 999 916 ibi
1044 877 1366 931 impellente-in
1403 879 1637 926 distantiam

172 951 194 978 a
229 948 378 981 centro
431 947 597 988 motus,
648 940 719 992 vel
754 950 1023 982 momentum
1061 941 1339 993 fitpomnium
1394 954 1639 987 momento-2

170 1013 264 1043 rum
303 1000 549 1044 maximum.
619 1000 786 1057 Itaque,
838 1006 1175 1059 quotiescunque
1211 1004 1396 1048 Pilarum
1447 1007 1639 1048 resisten-

170 1066 252 1106 tiae
289 1066 369 1107 sint
401 1063 653 1109 definienda-e
687 1070 730 1109 in
767 1070 912 1122 quauis
958 1079 1046 1110 tum
1086 1067 1251 1112 Curuae
1286 1069 1636 1111 concameratio-

109 1135 116 1139 '
168 1130 257 1178 nis,
311 1141 407 1170 cum
446 1132 679 1184 ponderum*
726 1133 1184 1184 superincumbentium
1239 1133 1485 1186 hypothesi,
1542 1147 1635 1175 mo-

167 1203 317 1235 menta
367 1194 664 1248 impulsionum
719 1196 907 1235 maxima
953 1195 992 1233 in
1042 1196 1315 1239 antecessum.
1348 1197 1632 1250 inuestiganda

164 1259 282 1308 sunt,
335 1267 462 1311 atque
500 1270 596 1299 cum
633 1257 698 1298 his
752 1259 1048 1300 tantummodo
1085 1261 1347 1312 comparari,
1384 1270 1424 1301 et
1459 1262 1632 1315 aequili-

164 1322 275 1364 brari
309 1322 459 1363 debent
493 1323 649 1362 virium
687 1323 729 1361 in
758 1321 857 1362 Pilis
900 1322 1087 1363 subieecis
1121 1323 1498 1367 contranitentium
1536 1338 1633 1368 mo·

151 1399 332 1441 -menta3
365 1387 478 1442 quod
511 1384 640 1426 semel
673 1385 1005 1427 animaduertisse
1040 1385 1227 1430 sufficiat.

738 1520 1022 1582 Scholion.

341 1645 376 1695 ς.
419 1655 489 1687 11·
573 1640 617 1685 Si
652 1642 756 1685 duae
791 1644 900 1685 vires
935 1643 1084 1684 finitae
1119 1643 1163 1685 in
1199 1643 1402 1697 punitum
1453 1643 1623 1699 aliquod

159 1717 304 1762 agant,
355 1719 482 1762 atque
519 1707 715 1763 angulus,
768 1721 893 1763 quem
931 1709 1085 1749 virium
1138 1708 1386 1751 directiones
1424 1710 1621 1751 constitu-

157 1783 260 1824 unt,
301 1773 348 1815 sit
383 1773 547 1814 infinite
582 1773 776 1824 obtusus,
830 1773 938 1813 haud
975 1772 1200 1814 difficulter
1236 1773 1507 1814 demonstrari
1545 1787 1623 1827 po-

156 1837 255 1888 test,
307 1838 396 1877 vim
430 1849 486 1877 ex
528 1836 592 1878 his
635 1837 907 1892 compositam
962 1837 1050 1878 fore
1102 1838 1400 1889 magnitudinis
1453 1832 1617 1879 infinite

153 1913 306 1954 paruae
342 1902 390 1941 ad
429 1902 536 1941 vires
571 1913 813 1956 comparate
847 1902 1038 1942 laterales
1073 1912 1125 1942 ex
1161 1901 1311 1953 quibus
1347 1903 1495 1942 oritur.
1540 1900 1617 1943 Nil

152 1965 294 2017 itaque
331 1967 489 2006 mirum
527 1964 555 2005 fi
591 1977 644 2006 ex
680 1965 929 2007 resolutione
963 1969 1027 2006 vis
1062 1964 1349 2010 infinitefimae
1383 1965 1509 2018 primi
1544 1979 1614 2007 or-

150 2029 256 2070 dinis
304 2029 380 2071 BI
429 2027 580 2086 (Prop.
622 2027 688 2083 1.)
739 2031 849 2071 vires
901 2030 1203 2084 progignantur
1236 2027 1428 2070 laterales
1464 2028 1608 2071 finitae

150 2091 271 2141 BD,
320 2091 414 2136 BC
467 2092 580 2150 (Fig.
616 2091 688 2150 4.)
740 2095 939 2148 angulum
998 2093 1257 2146 efficientes,
1317 2092 1611 2136 directionibus

151 2154 269 2209 BD,
303 2157 338 2200 B
361 2155 423 2210 C,
459 2158 624 2200 infinite
657 2159 850 2202 obtusum
885 2155 976 2200 CB
999 2157 1054 2201 D.

1449 2286 1612 2343 Propo-
