2209 2712
1057 177 1171 229 »ἕως
1237 168 1434 231 )290(
1498 171 1614 221 geg«.

656 286 701 344 4)
738 284 880 344 Caput
924 297 1146 329 mortuum
1199 286 1482 328 destillationis
1535 283 1838 325 carbonaceum
1890 289 2059 344 pondus

785 353 930 395 unciae
966 363 1007 393 et
1040 350 1337 394 drachmarum
1372 348 1637 402 sesquitrium
1672 343 1873 404 explevit.

779 485 981 538 Phlegma
1015 483 1428 538 empyreumaticum
1462 496 1514 525 ex
1550 484 1627 524 hac
1662 483 1937 525 destillatione
1973 484 2060 538 pla-

590 548 668 602 ne,
703 559 750 591 vt
784 564 807 589 a
840 549 1078 590 recentibus
1117 548 1367 590 Lichembus
1405 549 1678 603 produstnm3
1723 549 1909 589 eiusdem
1948 562 2056 601 quo-

590 628 672 668 que
711 624 878 655 naturae
909 614 986 653 fuit
1017 612 1172 654 Oleum
1210 614 1637 665 empyreumaticum.
1707 612 1789 653 Sed
1826 615 1945 654 huius
1982 625 2057 653 co·

588 679 658 732 pia
694 680 852 719 maior.
890 678 985 719 dum
1024 691 1045 718 e
1080 677 1183 717 libra
1218 677 1332 717 civili
1370 687 1525 725 terrae,
1575 677 1697 717 uncia
1734 678 1815 717 olei
1853 678 2052 729 prodiret.

588 741 633 783 Si
670 755 770 794 ergo
805 756 826 783 a
863 741 1157 782 terrificatione
1192 740 1397 780 artificiali
1443 741 1677 781 Lichenum
1716 741 1967 781 concludere
2004 740 2055 779 li·

588 816 678 846 ceat
716 808 763 845 ad
801 806 1099 846 formationem
1137 804 1293 846 Turfae
1329 814 1369 846 et
1406 801 1655 845 Carbonum
1694 805 1913 853 foffitium,
1949 817 2053 857 quo-

585 881 681 910 rum
719 869 956 922 vegetabilis
994 881 1137 911 natura
1173 880 1363 923 apparet,
1415 868 1652 922 sequeretur
1689 868 1937 918 vegetabilia
1973 878 2058 907 ter-

584 932 748 976 rificata
783 933 866 986 ipsa
903 944 1062 973 tantam
1100 933 1226 973 oleofi
1264 933 1460 985 principii
1512 932 1806 972 abundantiam
1845 930 2060 971 evolutio-

584 1009 638 1037 ne
672 1008 726 1036 ex
764 996 802 1036 se
841 997 1098 1050 suppeditare
1135 998 1268 1050 poffe,
1323 1005 1522 1048 quantam
1560 997 1601 1034 in
1638 996 1720 1034 istis
1756 994 1952 1034 fossilibus
1991 996 2054 1034 in·

583 1062 804 1109 venimus;
839 1073 974 1110 neque
1007 1061 1132 1111 longe
1170 1060 1450 1111 quaerendam
1486 1060 1562 1099 effe
1596 1058 1783 1098 Petrolei
1821 1059 2052 1109 originem,

585 1124 702 1163 cuius
758 1123 1061 1175 explicationes
1110 1122 1251 1161 solitae
1320 1122 1445 1160 variis
1499 1122 1685 1173 alioquin
1739 1119 2053 1163 difficultatibus

585 1185 809 1238 impeditae
847 1185 951 1226 sunt.
1035 1184 1083 1224 In
1118 1184 1246 1233 locis,
1299 1184 1366 1224 nbi
1404 1183 1650 1224 Petroleum
1703 1185 1896 1233 scaturit,
1949 1184 2052 1226 illud

582 1260 691 1290 vero
726 1249 934 1289 fimillime
969 1261 1024 1289 ex
1059 1248 1257 1297 foffilibus
1311 1248 1595 1298 bituminosis‚
1652 1261 1733 1302 ope
1778 1248 1926 1288 caloris
1977 1262 2054 1302 per

582 1314 745 1367 pyrites
780 1313 947 1354 alitervi
989 1314 1187 1362 excitati,
1233 1313 1413 1366 prodiit3
1463 1312 1606 1352 saltem
1642 1313 1685 1353 in
1722 1312 1940 1365 peninsula
1984 1312 2054 1354 illa

582 1376 716 1417 Maris
771 1377 920 1429 caspii,
973 1388 1078 1427 quae
1133 1376 1313 1416 Petrolei
1350 1376 1415 1417 seu
1454 1375 1679 1430 Naphthae
1723 1376 1909 1417 fontibus
1945 1377 2054 1417 cele-

584 1440 690 1488 bris,
742 1450 782 1479 et
818 1442 933 1480 cuius
969 1439 1102 1478 solum
1141 1440 1182 1477 in
1219 1440 1375 1480 vicinia
1410 1440 1514 1480 adeo
1551 1439 1683 1489 calet,
1736 1450 1780 1480 ut
1817 1449 1926 1480 terra
1961 1439 2052 1491 ubiff

585 1516 667 1557 que
704 1502 884 1543 Petrolei
926 1514 1102 1556 vapores
1139 1503 1334 1554 emittat,
1370 1506 1565 1546 flammae
1600 1504 1769 1546 alendae
1806 1513 1936 1559 aptos.

772 1633 992 1675 Refiduum
1029 1646 1049 1674 a
1093 1632 1293 1674 destinata
1343 1641 1451 1674 terra
1502 1633 1737 1675 Lichenum
1791 1642 1878 1674 erat
1927 1633 2049 1685 leve}

580 1698 775 1750 nigrum,
829 1696 1155 1747 moleculosum,
1209 1710 1263 1738 ex
1297 1706 1414 1750 parte
1458 1697 1741 1750 splendidum,
1792 1697 2039 1751 insipidum,

578 1771 896 1814 empyrevmate
934 1774 1081 1814 parum
1117 1761 1349 1802 odoratum.
1416 1760 1463 1800 In
1510 1762 1725 1802 crucibulo
1761 1771 1901 1814 aperta
1937 1762 2041 1814 igni-

581 1829 696 1866 tione
733 1825 947 1865 flammam
987 1825 1097 1864 haud
1134 1825 1203 1866 diu
1241 1829 1481 1866 duraturam
1518 1825 1670 1878 edxidit3
1702 1835 1744 1867 et
1782 1826 1873 1878 post
1910 1826 2042 1867 trium

577 1890 664 1930 fere
700 1888 900 1930 horarum
940 1889 1259 1930 calcinationem
1312 1889 1522 1929 redactum
1558 1890 1637 1929 fuit
1672 1890 1720 1930 ad
1765 1889 1929 1942 pondus
1965 1902 2042 1931 un-

579 1966 677 1993 ciar.
715 1953 870 2006 septem
907 1965 1003 1993 cum
1041 1953 1234 2006 scrupulo
1269 1964 1365 1992 un0.
1452 1952 1550 1993 Erat
1586 1965 1696 1994 nunc
1733 1954 1834 1993 cinis
1869 1953 2042 2004 subgry-

579 2017 692 2061 sens,
747 2017 867 2070 paulo
919 2016 1198 2070 ponderosus,
1249 2017 1466 2070 insipidus,
1517 2030 1539 2056 e
1574 2029 1659 2069 quo
1696 2027 1885 2070 magnete
1929 2016 2040 2058 haud

580 2091 730 2132 parum
767 2080 1058 2132 particularum
1098 2080 1350 2121 martialium
1394 2081 1563 2124 educere
1607 2081 1752 2138 potui,
1803 2080 1958 2135 quique
1994 2093 2041 2137 a}

579 2154 706 2194 quam
741 2155 838 2183 cum
870 2145 986 2188 fibilo
1022 2145 1208 2199 quodam
1242 2144 1403 2202 sorpsit.

1911 2269 2041 2316 Solu-
