2209 2712
1066 149 1179 198 «υἷες
1244 139 1438 200 )262(
1501 141 1617 193 &20:3⁴-

611 261 694 304 ιάῘα
727 260 853 314 quina
890 267 1029 308 acuta,
1074 258 1263 312 pallidius
1299 253 1657 300 flauo-virentia,
1692 249 1898 306 vnguibus
1935 254 2070 298 nemu

606 327 766 367 riorum
821 325 945 379 paulo
1001 323 1217 370 breuiora,
1268 322 1435 362 tandem
1486 318 1794 371 patentiuscula.
1878 314 2071 360 Neaaria

608 389 812 444 (exterius
870 388 1009 441 saepe,
1063 386 1302 438 praesertim
1356 387 1397 424 in
1451 382 1734 432 hortensibus,
1786 394 1882 422 cum
1930 394 2069 436 vngue

610 452 970 506 longitudinaliter
1006 449 1300 490 obsoletissime
1337 444 1684 502 purpurascentia)
1737 447 1891 488 calcare
1924 445 2071 499 petalis

610 517 965 569 sesquilongiore‚
1000 513 1242 561 redtiffimm
1279 512 1450 559 obtuso,
1495 511 1566 551 sub
1602 510 1959 552 deflorescentiam
1995 523 2068 564 pa-

611 581 1037 632 tenti-diuergentia.
1108 578 1255 630 Vnguis
1291 576 1460 617 nectarii
1495 574 1643 625 latior,
1692 573 1837 616 obtuse
1872 574 2074 614 rotunda-

607 655 695 694 tus,
733 645 907 686 minime
946 653 1100 698 patenS.
1168 641 1356 683 Stamina
1385 640 1515 689 flaua,
1551 652 1648 680 cum
1682 637 1903 679 filamentis
1938 637 2072 679 corol-

606 708 692 750 lam
729 708 961 763 aequantia.
1026 705 1176 759 Pistilla
1211 706 1387 755 set-acea,
1424 702 1550 757 duplo
1584 704 1669 744 fere
1703 703 1909 756 longiora.

798 834 996 890 Capsulae
1044 834 1196 888 quinae
1249 834 1421 886 longae,
1474 840 1671 872 extremo
1706 829 1909 878 reflexae,
1958 826 2072 878 stylis

608 899 872 953 capillaribus
910 901 1194 947 acuminatae,
1230 899 1307 939 vix
1340 895 1525 937 euidenti
1557 894 1754 950 lanugine
1787 890 2072 948 pubescentes.

604 962 767 1006 Semina
801 972 913 1012 atra,
948 962 1033 1004 fine
1068 964 1218 1004 nitore.

929 1087 951 1108 ὑ
1323 1114 1345 1136 8
1559 1070 1564 1073 “
1720 1088 1742 1109 aa

797 1214 941 1256 Planta
970 1207 1167 1267 hortensis
1218 1212 1362 1254 euadit
1412 1211 1659 1268 procerior,
1712 1208 1897 1253 caulibus
1932 1213 1975 1253 in
2010 1209 2075 1255 rass

608 1291 700 1322 mos
736 1277 900 1332 plures,
936 1276 1181 1330 parallelos,
1217 1278 1422 1320 vnifloros
1460 1277 1588 1330 magis
1627 1277 1847 1329 elongatis.
1914 1275 2077 1319 Foliola

608 1344 792 1392 maiora,
829 1339 981 1383 triloba
1017 1350 1058 1380 et
1093 1341 1388 1394 quinqueloba.
1454 1342 1500 1383 In
1537 1341 1664 1381 ollam
1705 1341 2001 1395 transplantata
2034 1351 2077 1382 et

609 1407 870 1459 hypocausto
907 1414 1143 1457 temperato
1177 1404 1293 1444 illata
1328 1406 1451 1447 floret
1485 1406 1596 1446 circa
1635 1406 1782 1447 festum
1832 1405 2077 1448 Natiuitatis

610 1466 768 1512 Christi
804 1479 845 1510 et
878 1468 1001 1509 flores
1038 1465 1175 1507 multo
1210 1466 1505 1521 fragrantiores
1543 1479 1640 1508 tunc
1680 1469 1855 1521 profert.

798 1595 959 1637 Addidi
1011 1595 1053 1635 in
1105 1605 1241 1636 vacuo
1291 1594 1482 1636 Tabulae
1534 1593 1666 1647 spatio
1702 1595 1750 1635 ad
1786 1594 1856 1648 fig.
1899 1609 1917 1635 1
1957 1606 1997 1638 et
2035 1607 2077 1646 3.

611 1661 782 1703 Florem
822 1668 864 1699 et
898 1657 1080 1713 capsulas
1133 1658 1243 1699 illius
1295 1657 1545 1714 Aquilegiae
1581 1661 1621 1697 in
1659 1658 1807 1713 alpinis
1843 1669 1884 1700 et
1929 1673 2078 1702 nemo·

608 1725 710 1768 tofis
766 1723 977 1765 vlterioris
1030 1720 1202 1764 Sibiriae
1252 1722 1433 1776 vulgaris
1471 1732 1513 1763 et
1566 1721 1895 1774 pulcherrimae,
1949 1737 2077 1778 quam

610 1802 690 1845 pro
726 1788 927 1829 varietate
963 1786 1214 1840 Aquilegiae
1265 1789 1447 1840 vulgaris
1499 1785 1702 1827 Linnaeus
1736 1787 1904 1838 habuit,
1960 1790 2077 1830 cuius

612 1854 739 1895 etiam
776 1852 940 1894 habitus
975 1853 1016 1892 in
1055 1850 1186 1891 hortis
1223 1851 1393 1901 nostris,
1442 1863 1519 1905 per
1556 1853 1812 1893 continuatas
1846 1855 2078 1906 generatio-

611 1931 711 1967 nes,
747 1917 889 1960 senfim
926 1916 971 1958 ad
1009 1914 1226 1967 vulgarem
1263 1926 1507 1969 europaeam
1554 1910 1749 1962 accedit}
1789 1917 1927 1958 colore
1962 1916 2077 1957 floris

619 1983 828 2038 (cyaneo,
882 1993 978 2021 cum
1017 1979 1295 2020 meciariorum
1331 1979 1483 2033 scaphis
1519 1979 1668 2032 partim
1723 1977 1843 2029 albis)
1894 1980 2078 2032 seruat03

617 2048 716 2087 dum
753 2047 795 2086 in
833 2045 1057 2099 spontanea
1109 2044 1234 2084 etiam
1288 2044 1437 2101 caules,
1467 2043 1716 2098 plerumque
1757 2043 1949 2092 vniflori,
2001 2043 2078 2084 flo-

617 2123 710 2150 rum
747 2110 1016 2163 magnitudo,
1069 2105 1167 2148 folia
1201 2117 1245 2148 et
1290 2109 1418 2148 totius
1469 2108 1630 2162 plantae
1682 2106 1940 2149 confistenria
1992 2108 2079 2148 sere

618 2172 848 2214 distinctam
886 2172 1064 2227 speciem
1099 2171 1216 2225 loqui
1250 2172 1476 2214 videantur.

1994 2231 2073 2274 VI.
