2209 2712
1088 144 1208 199 »3033
1272 140 1290 201 )
1326 154 1414 196 352
1453 140 1472 200 (
1534 144 1649 198 &tego-

629 261 833 315 Reliquas
867 259 1180 302 obseruationes
1217 274 1241 300 a
1278 256 1369 301 Cel.
1406 258 1578 301 Meffier
1627 256 1833 301 institutas
1871 272 1966 302 cum
2012 259 2107 304 Ele-

626 332 784 371 mentis
820 338 1066 380 comparare
1099 324 1355 378 superfluum
1406 325 1634 374 duximus,
1686 325 1840 380 quippe
1881 338 2014 380 quum
2052 339 2108 368 ex

629 393 694 435 hi<
732 392 862 433 modo
899 389 1056 438 allatis,
1101 388 1221 430 facile
1255 390 1478 431 diiudicari
1515 400 1661 444 queat,
1700 392 1840 444 quales
1878 391 2109 433 habeantur

629 468 790 499 errores
826 455 1195 503 obseruationum,
1248 467 1327 507 pro
1362 455 1650 509 temporibus,
1702 457 1930 498 momentis
1966 456 2111 498 obser-

627 524 852 563 vationum
885 518 1107 560 ⁴allatarum
1141 518 1501 565 interiacentibus.

817 654 852 703 ξ.
893 662 961 702 15.
1027 648 1072 693 Si
1105 649 1212 693 haec
1230 651 1458 694 Elementa
1495 664 1591 693 cum
1628 653 1974 707 praecedentibus
2011 666 2112 695 con-

626 715 847 768 serantur,
897 718 1086 772 primum
1126 726 1243 771 patet
1280 716 1505 758 Elementa
1542 717 1692 758 vltima
1746 718 2109 760 obseruationibus

632 776 756 821 initio
809 783 965 824 mensisv
1012 780 1214 825 Octobris
1269 781 1418 823 melius
1472 781 1707 822 satisfacere
1745 796 1793 823 ac
1825 783 1903 824 ‘ista
1936 784 2111 835 priora,

627 846 841 900 imprimis
894 847 1030 902 quoad
1077 847 1298 888 transitum
1347 844 1557 887 Cometae
1594 857 1666 900 per
1701 842 1878 885 Nodum
1915 846 2110 899 egregius

632 911 778 951 calculi
813 925 911 953 cum
950 912 1244 954 obseruatione
1298 910 1474 952 habetur
1517 909 1750 950 consensus.
1836 907 1921 950 Pro
1974 909 2115 951 obser-

628 975 870 1018 vationibus
899 977 1037 1019 mense
1064 975 1327 1017 Nouembris
1363 985 1405 1016 et
1423 974 1678 1018 Decembris
1704 973 1900 1015 institutis
1932 984 2114 1031 Vtraque

628 1039 734 1080 haec
758 1040 981 1081 Elementa
1015 1042 1100 1081 fere
1132 1053 1265 1093 aeque
1298 1040 1405 1081 bcne
1433 1052 1531 1081 cum
1559 1039 1924 1081 obseruationibus
1952 1040 2116 1095 conspi-

630 1111 750 1151 rant,
785 1104 900 1158 quod
939 1105 1068 1145 etiam
1107 1103 1220 1144 valet
1258 1104 1310 1145 de
1346 1102 1710 1145 obseruationibus
1747 1105 1886 1144 mense
1929 1104 2115 1147 Ianuarii
2151 1127 2159 1136 .

629 1168 750 1210 Anni
793 1182 929 1221 1774.
972 1168 1182 1211 institutis.
1268 1168 1417 1224 Quum
1454 1167 1765 1210 obseruationes
1800 1170 1927 1212 initio
1961 1169 2114 1212 meniis

631 1232 878 1285 Februarii,
931 1235 1025 1276 satis
1059 1234 1206 1276 exancle
1239 1247 1337 1276 cum
1385 1233 1623 1276 Elementis
1661 1244 1934 1288 congruant,
1989 1235 2118 1276 inex-

633 1299 865 1353 spectatum
914 1301 1079 1349 euenit,
1131 1302 1244 1353 quod
1279 1312 1359 1354 pro
1393 1299 1754 1341 obseruationibus
1791 1299 1939 1341 diebus
1977 1313 2035 1350 17
2070 1307 2114 1340 et

632 1376 692 1404 20
726 1362 846 1405 Febr.
883 1365 1107 1413 institutis,
1145 1373 1283 1406 tantus
1320 1364 1369 1405 fit
1404 1365 1729 1408 Elementorum
1767 1364 1818 1405 ab
1855 1364 2116 1407 obseruatio-

632 1443 686 1471 ne
738 1429 984 1483 praeiertim
1030 1435 1070 1469 in
1117 1427 1358 1471 Latitudine
1412 1427 1622 1471 Cometae
1675 1429 1888 1470 dissensus.
1974 1428 2114 1470 Facile

633 1494 765 1547 igitur
814 1493 1063 1536 crediderim
1114 1494 1239 1534 huius
1284 1498 1344 1536 rei
1393 1495 1568 1536 caussam
1613 1495 1655 1535 in
1693 1507 1746 1535 eo
1781 1495 1861 1536 effe
1911 1506 2114 1548 quaeren-

631 1559 757 1607 dam,
804 1558 918 1612 quod
955 1558 1104 1614 aliquis
1137 1559 1272 1598 forsan
1308 1572 1429 1599 error
1463 1559 1512 1599 fit
1548 1559 1792 1601 commissus
1828 1560 1871 1599 in
1909 1559 2114 1602 determi-

631 1624 764 1665 nanda
815 1622 1020 1678 positione
1073 1622 1211 1664 stellae
1245 1631 1307 1673 48
1350 1622 1481 1663 Vrsae
1519 1624 1710 1672 maioris,
1767 1636 1863 1665 cum
1908 1638 1992 1677 qua
2027 1620 2115 1664 Co-

633 1699 746 1731 meta
795 1687 942 1729 diebus
994 1687 1343 1728 commemoratis
1395 1686 1472 1728 fuit
1521 1695 1815 1741 comparatus,
1868 1687 2115 1742 praesertim

635 1753 735 1806 quia
769 1752 1085 1793 obseruationes
1122 1751 1246 1793 initio
1282 1750 1431 1792 menfis
1452 1750 1602 1793 Martii
1639 1751 1847 1794 institutae
1884 1753 2011 1793 tantis
2045 1764 2113 1793 er·-

635 1818 802 1861 roribus
838 1830 922 1858 non
960 1817 1195 1858 habeantur
1229 1815 1457 1858 obnoxiae.
1540 1813 1764 1858 Caeterum
1801 1830 1879 1871 pro
1915 1816 2114 1858 Elemen-

635 1885 691 1925 tis
726 1883 880 1923 vltimo
914 1882 1012 1924 loco
1047 1882 1421 1931 commemoratis,
1472 1880 1636 1922 summa
1679 1894 1871 1923 errorum
1917 1893 1999 1936 pro
2032 1878 2112 1922 ob-

633 1947 935 1990 seruationibus
995 1947 1134 1989 mense
1186 1946 1348 2001 Aprilis
1398 1946 1619 1995 institutis,
1673 1959 1805 1999 aeque
1838 1946 1925 1988 fere
1961 1958 2112 1999 magna

636 2014 748 2062 erit,
782 2026 828 2053 ac
864 2011 954 2054 casu
994 2012 1149 2067 priori,
1187 2012 1344 2066 quippe
1378 2024 1509 2066 quum
1547 2010 1650 2052 haec
1688 2011 1850 2051 summa
1895 2023 2007 2052 nunc
2044 2022 2116 2051 ae-

637 2087 790 2131 quatur
843 2092 902 2128 ¹4
941 2077 1108 2118 circiter
1159 2076 1339 2118 Minutis
1392 2076 1553 2129 primis.
1639 2074 1709 2117 Ex
1758 2073 1956 2116 omnibus
2006 2086 2114 2116 vero

640 2143 789 2183 nostris
840 2143 1012 2184 calculis
1067 2141 1176 2182 inter
1214 2141 1253 2183 se
1302 2141 1489 2190 collatis,
1541 2139 1788 2193 intelligitur
1839 2151 2114 2194 quaecunque

638 2207 808 2249 demum
841 2221 920 2262 pro
953 2207 1093 2248 orbita
1130 2204 1340 2250 Cometae
1375 2206 1582 2260 eligantur
1617 2204 1869 2258 Elementa,
1904 2204 2113 2246 summam

1933 2268 2110 2311 istorum
