2209 2712
665 164 808 224 &5023
846 160 862 219 )
900 176 987 214 203
1027 161 1043 219 (
1107 166 1221 213 ἓρἓς..

210 278 491 331 compofitum
523 277 677 318 duabus
712 277 906 331 integris,
943 277 1180 319 thoracibus
1217 285 1258 316 et
1295 275 1586 316 abdominibus
1621 277 1669 318 ad

212 342 459 383 vmbilicum
481 352 610 392 vsque
641 345 843 383 connatis.
878 342 924 384 In
946 356 998 383 eo
1018 343 1103 383 duo
1121 350 1236 382 erant
1256 340 1502 391 ventriculi,
1521 342 1670 382 dexter

213 408 336 449 alter,
359 405 463 444 alter
491 404 669 457 sinister,
705 408 773 447 ille
809 420 888 460 pro
915 409 1087 455 dextra,
1121 406 1189 446 hic
1226 417 1302 458 pro
1334 405 1488 446 sinistra
1524 405 1669 458 puella.

210 469 395 518 Dexter,
434 478 480 509 vt
514 469 629 517 solet,
651 472 689 510 in
722 472 878 511 sinistro
907 473 998 513 suae
1025 470 1183 526 puellae
1213 469 1541 523 hypochondrio
1561 469 1670 518 situs,

210 534 452 574 duodenum
503 534 782 586 producebat,
830 536 961 588 quod‘
984 534 1248 578 transuerfim
1285 535 1367 576 fere
1401 535 1451 575 ad
1490 534 1671 575 mediam

211 609 483 639 communem
514 599 731 651 Vtriusque
759 600 947 653 puellae,
982 614 1062 653 qua
1089 609 1289 641 connatae
1317 610 1445 646 erant,
1465 599 1674 654 epigastri·

211 675 304 703 cam
340 662 558 715 regionem
588 664 942 716 progrediebatur.
965 664 1061 707 ‚Hic
1093 665 1253 705 flexum
1284 663 1382 706 illud
1408 663 1603 704 deorsum
1631 675 1672 703 ιιι

212 728 425 775 ieiunum,
463 727 506 766 in
534 725 685 776 ileum,
717 740 759 768 et
786 729 827 767 in
857 730 979 769 crafl‘a
1007 742 1135 782 porro
1163 729 1355 769 intestina
1382 727 1673 776 continuabat,

212 791 255 831 in
293 791 440 845 quibus
477 789 582 835 nihil
617 802 780 845 praeter
828 805 1016 834 naturam
1053 793 1360 835 obseruabatur.
1443 791 1676 844 Ventricu-

211 855 274 897 lus
312 866 452 897 autem
490 855 665 905 sinister,
713 858 755 896 in
791 858 967 899 finistrae
1004 857 1166 911 puellae
1217 856 1546 913 hypochondrio
1581 855 1678 894 fini-

214 921 294 961 stro
347 920 524 974 positus,
577 921 830 976 principium
869 922 945 962 vix
996 922 1253 976 produxerat
1304 920 1514 967 duodeni,
1563 918 1675 971 quod

215 984 367 1036 pariter
403 994 614 1025 caeterum
651 986 789 1028 versus
823 986 937 1027 illam
983 998 1258 1027 communem
1296 983 1583 1039 epigastricam
1619 983 1677 1025 se·

215 1048 310 1087 dem
354 1049 555 1089 diree'tum
609 1061 720 1094 erat,
771 1053 872 1104 quin
910 1050 1065 1092 clausus
1101 1050 1185 1090 iam
1224 1049 1294 1090 iste
1332 1049 1484 1089 canalis
1522 1048 1678 1088 intesti-

216 1112 322 1151 nalis
373 1111 609 1153 finiebatur.
692 1113 785 1154 Nec
842 1114 988 1154 sensim
1028 1113 1283 1165 sensimque,
1334 1112 1451 1151 velut
1498 1111 1676 1151 urachus

217 1175 343 1224 solet,
378 1176 637 1216 contrae'tum
674 1177 914 1217 duodenum
952 1185 1041 1215 erat
1073 1186 1114 1215 et
1152 1176 1430 1227 angustatum,
1469 1187 1554 1228 quo
1576 1176 1677 1214 ‘sen-

218 1240 292 1280 sim
330 1240 523 1288 cessaret,
577 1238 639 1278 sed
677 1252 850 1280 coecum
891 1240 1052 1279 saccum
1088 1238 1298 1280 formabat
1334 1238 1523 1291 amplum
1557 1238 1677 1279 infla-

220 1314 336 1355 tnm;
387 1303 469 1346 hoc
505 1303 816 1343 terminabatur.
885 1304 951 1342 Ab
988 1315 1093 1350 ano,
1130 1315 1254 1355 quem
1293 1303 1481 1355 peruium
1519 1302 1560 1342 in
1596 1302 1675 1344 hac

218 1369 375 1410 sinistra
409 1365 546 1421 puella
583 1379 844 1418 repereram,
880 1367 1037 1406 testum
1074 1366 1315 1407 intestinum
1351 1376 1391 1406 et
1428 1365 1553 1406 colon
1586 1375 1675 1407 erat

219 1444 260 1474 et
294 1444 465 1472 caecum
514 1442 610 1470 cum
668 1430 853 1483 processu
889 1430 1156 1470 vermiformi
1192 1440 1233 1471 et
1270 1441 1360 1483 pars
1396 1442 1566 1483 quoque
1602 1430 1677 1470 ali-

220 1510 301 1549 qua
339 1495 430 1544 ilei,
466 1506 568 1547 quae
605 1493 741 1535 versus
785 1494 964 1536 mediam
1002 1495 1171 1535 circiter
1206 1505 1368 1548 partem
1402 1494 1474 1545 ,ilei
1508 1496 1678 1536 dextrae

218 1559 377 1614 puellae
414 1558 638 1608 tendebat,
689 1559 730 1598 in
766 1571 941 1610 eamque
977 1559 1229 1600 membranis
1276 1559 1354 1599 suis
1390 1558 1675 1599 continuabat.

219 1622 389 1665 Cauitas
427 1633 567 1663 autem
606 1622 763 1674 aliquot
800 1623 927 1663 lineas
964 1633 1056 1664 ante
1095 1624 1331 1665 contactum
1367 1623 1579 1676 Vtriusque
1616 1623 1678 1662 in-

219 1689 354 1728 testini
407 1686 736 1728 coalescentibus
793 1689 1043 1728 membranis
1097 1688 1260 1728 aboleta
1312 1699 1423 1737 erat,
1477 1690 1582 1727 adeo
1632 1696 1677 1726 vt

219 1752 330 1793 nulla
384 1752 492 1792 inter
537 1761 764 1806 Vtrumque
808 1751 996 1803 canalem
1049 1753 1337 1794 intestinoium
1390 1753 1684 1793 communica-

219 1817 280 1856 tio
316 1816 425 1858 effet.
1469 1823 1472 1828 '

412 2002 520 2058 Quis
574 2003 668 2045 finis
719 2019 819 2058 ergo
875 2015 1047 2045 naturae
1085 2007 1160 2046 esse
1198 2005 1336 2058 potnit
1382 2004 1676 2048 informando

221 2068 303 2110 hoc
340 2069 580 2108 ventriculo
615 2068 781 2110 clauso?
828 2071 986 2109 nullum
1040 2069 1154 2110 fuisse
1193 2082 1232 2109 et
1269 2082 1434 2109 caecam
1489 2081 1678 2111 naturam

225 2135 265 2172 in
302 2133 583 2174 construendis
618 2135 814 2185 operibus
853 2134 928 2173 suis
964 2146 1108 2184 agere,
1162 2147 1289 2175 nemo
1323 2134 1402 2184 est,
1460 2135 1528 2183 qni
1567 2138 1682 2188 cogi-

229 2206 310 2247 tet,
362 2210 436 2238 nec
474 2198 554 2238 sola
592 2201 786 2238 naturalis
842 2197 1060 2245 struc‘tnra,
1099 2199 1164 2240 sed
1201 2200 1282 2254 ipsa
1319 2198 1544 2239 monstroia
1577 2212 1681 2252 qno-

903 2257 981 2301 Cc
1021 2276 1044 2302 2
1602 2276 1682 2303 que
